@article{deo2008influence,
  title={The influence of Reynolds number on a plane jet},
  author={Deo, Ravinesh C and Mi, Jianchun and Nathan, Graham J},
  journal={Physics of Fluids},
  volume={20},
  number={7},
  pages={075108},
  year={2008},
  publisher={American Institute of Physics}
}
@incollection{harima2005turbulent,
  title={Turbulent properties of twin circular free jets with various nozzle spacing},
  author={Harima, T and Fujita, S and Osaka, H},
  booktitle={Engineering Turbulence Modelling and Experiments 6},
  pages={501--510},
  year={2005},
  publisher={Elsevier}
}
@article{mi2010statistical,
  title={Statistical properties of turbulent free jets issuing from nine differently-shaped nozzles},
  author={Mi, J and Nathan, GJ},
  journal={Flow, turbulence and combustion},
  volume={84},
  number={4},
  pages={583--606},
  year={2010},
  publisher={Springer}
}
@article{quinn2007experimental,
  title={Experimental study of the near field and transition region of a free jet issuing from a sharp-edged elliptic orifice plate},
  author={Quinn, WR},
  journal={European Journal of Mechanics-B/Fluids},
  volume={26},
  number={4},
  pages={583--614},
  year={2007},
  publisher={Elsevier}
}
@article{quinn2005measurements,
  title={Measurements in the near flow field of an isosceles triangular turbulent free jet},
  author={Quinn, Willie R},
  journal={Experiments in fluids},
  volume={39},
  number={1},
  pages={111--126},
  year={2005},
  publisher={Springer}
}
@article{xu2014effect,
  title={Effect of noncircular orifice plates on the near flow field of turbulent free jets},
  author={Xu, Min-Yi and Tong, Xing-Qing and Yue, Dan-Ting and Zhang, Jian-Peng and Mi, Jian-Chun and Nathan, GJ and Kalt, PAM},
  journal={Chinese Physics B},
  volume={23},
  number={12},
  pages={124703},
  year={2014},
  publisher={IOP Publishing}
}
@inproceedings{aleyasin2015low,
  title={Low Reynolds number effects on jets issuing from round and elliptic orifices},
  author={Aleyasin, SS and Tachie, Mark F and Koupriyanov, M and Epp, T},
  booktitle={Eighth International Symposium on Turbulence Heat and Mass Transfer},
  pages={8},
  year={2015},
  organization={Sarajevo, Bosnia and Herzegovina}
}
@article{miller1960force,
  title={Force-momentum fields in a dual-jet flow},
  author={Miller, David R and Comings, Edward W},
  journal={Journal of Fluid Mechanics},
  volume={7},
  number={2},
  pages={237--256},
  year={1960},
  publisher={Cambridge University Press}
}
@article{lin1990investigation,
  title={Investigation of two plane paralleltiinven ilated jets},
  author={Lin, YF and Sheu, MJ},
  journal={Experiments in Fluids},
  volume={10},
  number={1},
  pages={17--22},
  year={1990},
  publisher={Springer}
}
@article{nasr1997comparison,
  title={Comparison of flow characteristics in the near field of two parallel plane jets and an offset plane jet},
  author={Nasr, A and Lai, JCS},
  journal={Physics of fluids},
  volume={9},
  number={10},
  pages={2919--2931},
  year={1997},
  publisher={American Institute of Physics}
}
@article{anderson2001experimental,
  title={Experimental and numerical investigation of two-dimensional parallel jets},
  author={Anderson, Elgin A and Spall, Robert E},
  journal={J. Fluids Eng.},
  volume={123},
  number={2},
  pages={401--406},
  year={2001}
}
@article{mosavati2021characteristics,
  title={Characteristics of self-oscillating twin jets},
  author={Mosavati, M and Balachandar, R and Barron, RM},
  journal={Physics of Fluids},
  volume={33},
  number={3},
  pages={035129},
  year={2021},
  publisher={AIP Publishing LLC}
}
@article{morris2021particle,
  title={Particle image velocimetry measurements of turbulent jets issuing from twin elliptic nozzles with various orientations},
  author={Morris, Ella Marie and Biswas, Neelakash and Aleyasin, Seyed Sobhan and Tachie, Mark Francis},
  journal={Journal of Fluids Engineering},
  volume={143},
  number={2},
  year={2021},
  publisher={American Society of Mechanical Engineers Digital Collection}
}
@article{laban2019experimental,
  title={Experimental investigation of nozzle spacing effects on characteristics of round twin free jets},
  author={Laban, Andrew and Aleyasin, Seyed Sobhan and Tachie, Mark Francis and Koupriyanov, Mike},
  journal={Journal of Fluids Engineering},
  volume={141},
  number={7},
  year={2019},
  publisher={American Society of Mechanical Engineers Digital Collection}
}
@article{valencia2021analysis,
  title={Analysis of submerged single and twin gas jet injection using URANS-CFD simulations},
  author={Valencia, Alvaro and others},
  journal={European Journal of Mechanics-B/Fluids},
  volume={90},
  pages={114--127},
  year={2021},
  publisher={Elsevier}
}
@article{nasr1997two,
  title={Two parallel plane jets: mean flow and effects of acoustic excitation},
  author={Nasr, A and Lai, JCS},
  journal={Experiments in fluids},
  volume={22},
  number={3},
  pages={251--260},
  year={1997},
  publisher={Springer}
}
@article{aleyasin2019statistical,
  title={Statistical properties and structural analysis of three-dimensional twin round jets due to variation in Reynolds number},
  author={Aleyasin, Seyed Sobhan and Tachie, Mark Francis},
  journal={International Journal of Heat and Fluid Flow},
  volume={76},
  pages={215--230},
  year={2019},
  publisher={Elsevier}
}
@inproceedings{morris2019experimental,
  title={Experimental Investigation of Nozzle Orientation Effects on Mixing Characteristics of Elliptic Triple Free Jets},
  author={Morris, Ella M and Aleyasin, Seyed S and Biswas, Neelakash and Tachie, Mark F},
  booktitle={Fluids Engineering Division Summer Meeting},
  volume={59025},
  pages={V001T01A078},
  year={2019},
  organization={American Society of Mechanical Engineers}
}
@article{tanaka1970interference,
  title={The interference of two-dimensional parallel jets: 1st report, experiments on dual jet},
  author={Tanaka, Eiichi},
  journal={Bulletin of JSME},
  volume={13},
  number={56},
  pages={272--280},
  year={1970},
  publisher={The Japan Society of Mechanical Engineers}
}
@article{tanaka1974interference,
  title={The interference of two-dimensional parallel jets: 2nd report, experiments on the combined flow of dual jet},
  author={Tanaka, Eiichi},
  journal={Bulletin of JSME},
  volume={17},
  number={109},
  pages={920--927},
  year={1974},
  publisher={The Japan Society of Mechanical Engineers}
}
@article{menter1994two,
  title={Two-equation eddy-viscosity turbulence models for engineering applications},
  author={Menter, Florian R},
  journal={AIAA journal},
  volume={32},
  number={8},
  pages={1598--1605},
  year={1994}
}
@article{meslem2014comparison,
  title={Comparison of turbulence models in simulating jet flow from a cross-shaped orifice},
  author={Meslem, Amina and Bode, Florin and Croitoru, Cristiana and Nastase, Ilinca},
  journal={European Journal of Mechanics-B/Fluids},
  volume={44},
  pages={100--120},
  year={2014},
  publisher={Elsevier}
}
@article{durve2012numerical,
  title={Numerical investigation of mixing in parallel jets},
  author={Durve, Ameya and Patwardhan, Ashwin W and Banarjee, Indraneel and Padmakumar, G and Vaidyanathan, G},
  journal={Nuclear engineering and design},
  volume={242},
  pages={78--90},
  year={2012},
  publisher={Elsevier}
}
@article{ghasemi2015reynolds,
  title={Reynolds number effects in the near-field of a turbulent square jet},
  author={Ghasemi, A and Roussinova, V and Balachandar, Ram and Barron, RM},
  journal={Experimental Thermal and Fluid Science},
  volume={61},
  pages={249--258},
  year={2015},
  publisher={Elsevier}
}
@article{naseri2019effect,
  title={Effect of nozzle spacing on turbulent interaction of low-aspect-ratio twin rectangular jets},
  author={Naseri Oskouie, Ramin and Tachie, Mark Francis and Wang, Bing-Chen},
  journal={Flow, Turbulence and Combustion},
  volume={103},
  number={2},
  pages={323--344},
  year={2019},
  publisher={Springer}
}
@book{anderson1995computational,
  title={Computational fluid dynamics},
  author={Anderson, John David and Wendt, John},
  volume={206},
  year={1995},
  publisher={Springer}
}
@article{leonard1979stable,
  title={A stable and accurate convective modelling procedure based on quadratic upstream interpolation},
  author={Leonard, Brian P},
  journal={Computer methods in applied mechanics and engineering},
  volume={19},
  number={1},
  pages={59--98},
  year={1979},
  publisher={Elsevier}
}
@book{patankar2018numerical,
  title={Numerical heat transfer and fluid flow},
  author={Patankar, Suhas V},
  year={2018},
  publisher={CRC press}
}