@misc{hoareau2017package,
	title={Package transport by unmanned aerial vehicles},
	author={Hoareau, Guillaume and Liebenberg, Johannes J and Musial, John G and Whitman, Todd R},
	year={2017},
	month=aug # "~15",
	publisher={Google Patents},
	note={US Patent 9,731,821}
}

@book{bahja2019forest,
	title={FOREST FIRE RISK REDUCTION IN ALBANIA: Using Drone Systems to Improve Current Methods of Fire},
	author={Bahja, Endri and Hersh, Professors Robert and Kinicki, Robert},
	year={2019}
}



@article{erdelj2017help,
	title={Help from the sky: Leveraging UAVs for disaster management},
	author={Erdelj, Milan and Natalizio, Enrico and Chowdhury, Kaushik R and Akyildiz, Ian F},
	journal={IEEE Pervasive Computing},
	volume={16},
	number={1},
	pages={24--32},
	year={2017},
	publisher={IEEE}
}

@article{garcia2013comparison,
	title={Comparison of two aerial imaging platforms for identification of Huanglongbing-infected citrus trees},
	author={Garcia-Ruiz, Francisco and Sankaran, Sindhuja and Maja, Joe Mari and Lee, Won Suk and Rasmussen, Jesper and Ehsani, Reza},
	journal={Computers and Electronics in Agriculture},
	volume={91},
	pages={106--115},
	year={2013},
	publisher={Elsevier}
}

@article{kim2018drone,
	title={Drone-aided border surveillance with an electrification line battery charging system},
	author={Kim, Seon Jin and Lim, Gino J},
	journal={Journal of Intelligent \& Robotic Systems},
	volume={92},
	number={3-4},
	pages={657--670},
	year={2018},
	publisher={Springer}
}

@article{zhou2018energy,
	title={Energy-efficient industrial internet of uavs for power line inspection in smart grid},
	author={Zhou, Zhenyu and Zhang, Chuntian and Xu, Chen and Xiong, Fei and Zhang, Yan and Umer, Tariq},
	journal={IEEE Transactions on Industrial Informatics},
	volume={14},
	number={6},
	pages={2705--2714},
	year={2018},
	publisher={IEEE}
}

%%%%%%%%%%%%%%%%%%%%%%%%%%%%%%%%%%%%%%%%%%%%%%%%%%%%%%%%%%%%%%%%%%%%%%%%%%%%%%%%%%%%%%%%%%%%%%%%%
@inproceedings{rysdyk2003uav,
	title={UAV path following for constant line-of-sight},
	author={Rysdyk, Rolf},
	booktitle={2nd AIAA" Unmanned Unlimited" Conf. and Workshop \& Exhibit},
	pages={6626},
	year={2003}
}

@article{sujit2014unmanned,
	title={Unmanned aerial vehicle path following: A survey and analysis of algorithms for fixed-wing unmanned aerial vehicless},
	author={Sujit, PB and Saripalli, Srikanth and Sousa, Joao Borges},
	journal={IEEE Control Systems Magazine},
	volume={34},
	number={1},
	pages={42--59},
	year={2014},
	publisher={IEEE}
}

@article{beard2005autonomous,
	title={Autonomous vehicle technologies for small fixed-wing UAVs},
	author={Beard, Randal and Kingston, Derek and Quigley, Morgan and Snyder, Deryl and Christiansen, Reed and Johnson, Walt and McLain, Timothy and Goodrich, Michael},
	journal={Journal of Aerospace Computing, Information, and Communication},
	volume={2},
	number={1},
	pages={92--108},
	year={2005}
}

@inproceedings{rezende2018robust,
	title={Robust Fixed-Wing UAV Guidance with Circulating Artificial Vector Fields},
	author={Rezende, Adriano MC and Gon{\c{c}}alves, Vinicius M and Raffo, Guilherme V and Pimenta, Luciano CA},
	booktitle={2018 IEEE/RSJ International Conference on Intelligent Robots and Systems (IROS)},
	pages={5892--5899},
	year={2018},
	organization={IEEE}
}

@article{tanaka20193,
	title={3-D Flight Path Tracking Control for Unmanned Aerial Vehicles Under Wind Environments},
	author={Tanaka, Kazuo and Tanaka, Motoyasu and Takahashi, Yutoku and Iwase, Arimasa and Wang, Hua O},
	journal={IEEE Transactions on Vehicular Technology},
	volume={68},
	number={12},
	pages={11621--11634},
	year={2019},
	publisher={IEEE}
}

@article{park2007performance,
	title={Performance and lyapunov stability of a nonlinear path following guidance method},
	author={Park, Sanghyuk and Deyst, John and How, Jonathan P},
	journal={Journal of guidance, control, and dynamics},
	volume={30},
	number={6},
	pages={1718--1728},
	year={2007}
}

@article{ratnoo2011adaptive,
	title={Adaptive optimal path following for high wind flights},
	author={Ratnoo, Ashwini and Sujit, PB and Kothari, Mangal},
	journal={IFAC Proceedings Volumes},
	volume={44},
	number={1},
	pages={12985--12990},
	year={2011},
	publisher={Elsevier}
}

@inproceedings{lawrence2007lyapunov,
	title={Lyapunov vector fields for autonomous UAV flight control},
	author={Lawrence, Dale and Frew, Eric and Pisano, William},
	booktitle={AIAA Guidance, Navigation and Control Conference and Exhibit},
	pages={6317},
	year={2007}
}

@incollection{osborne2005waypoint,
	title={Waypoint guidance for small UAVs in wind},
	author={Osborne, John and Rysdyk, Rolf},
	booktitle={Infotech@ Aerospace},
	pages={6951},
	year={2005}
}

@inproceedings{andersen2017path,
	title={Path-following in three dimensions using quaternions for a fixed-wing UAV},
	author={Andersen, Tom Stian and Kristiansen, Raymond},
	booktitle={2017 IEEE 26th International Symposium on Industrial Electronics (ISIE)},
	pages={1117--1122},
	year={2017},
	organization={IEEE}
}

@inproceedings{andersen2018quaternion,
	title={Quaternion Path-Following in Three Dimensions for a Fixed-Wing UAV Using Quaternion Blending},
	author={Andersen, Tom Stian and Kristiansen, Raymond},
	booktitle={2018 IEEE Conference on Control Technology and Applications (CCTA)},
	pages={1597--1602},
	year={2018},
	organization={IEEE}
}

@article{ambrosino2009path,
	title={Path generation and tracking in 3-D for UAVs},
	author={Ambrosino, Giuseppe and Ariola, Marco and Ciniglio, Umberto and Corraro, Federico and De Lellis, Ettore and Pironti, Alfredo},
	journal={IEEE Transactions on Control Systems Technology},
	volume={17},
	number={4},
	pages={980--988},
	year={2009},
	publisher={IEEE}
}

@article{liang2016combined,
	title={Combined vector field approach for 2D and 3D arbitrary twice differentiable curved path following with constrained UAVs},
	author={Liang, Yueqian and Jia, Yingmin},
	journal={Journal of Intelligent \& Robotic Systems},
	volume={83},
	number={1},
	pages={133--160},
	year={2016},
	publisher={Springer}
}

@article{lekkas2014integral,
	title={Integral LOS path following for curved paths based on a monotone cubic Hermite spline parametrization},
	author={Lekkas, Anastasios M and Fossen, Thor I},
	journal={IEEE Transactions on Control Systems Technology},
	volume={22},
	number={6},
	pages={2287--2301},
	year={2014},
	publisher={IEEE}
}

@article{nelson2007vector,
	title={Vector field path following for miniature air vehicles},
	author={Nelson, Derek R and Barber, D Blake and McLain, Timothy W and Beard, Randal W},
	journal={IEEE Transactions on Robotics},
	volume={23},
	number={3},
	pages={519--529},
	year={2007},
	publisher={IEEE}
}

@article{jung2016unmanned,
	title={Unmanned aircraft vector field path following with arrival angle control},
	author={Jung, Wooyoung and Lim, Seunghan and Lee, Dongjin and Bang, Hyochoong},
	journal={Journal of Intelligent \& Robotic Systems},
	volume={84},
	number={1-4},
	pages={311--325},
	year={2016},
	publisher={Springer}
}

@inproceedings{griffiths2006vector,
	title={Vector field approach for curved path following for miniature aerial vehicles},
	author={Griffiths, Stephen},
	booktitle={AIAA guidance, navigation, and control conference and exhibit},
	pages={6467},
	year={2006}
}

@article{kothari2014uav,
	title={UAV path following in windy urban environments},
	author={Kothari, Mangal and Postlethwaite, Ian and Gu, Da-Wei},
	journal={Journal of Intelligent \& Robotic Systems},
	volume={74},
	number={3-4},
	pages={1013--1028},
	year={2014},
	publisher={Springer}
}

@inproceedings{singh2019three,
	title={Three Dimensional UAV Path Following Using SDRE Guidance},
	author={Singh, Mandeep and Manoharan, Amith and Ratnoo, Ashwini and Sujit, PB},
	booktitle={2019 International Conference on Unmanned Aircraft Systems (ICUAS)},
	pages={482--490},
	year={2019},
	organization={IEEE}
}

@inproceedings{liang2015combined,
	title={Combined vector field approach for planar curved path following with fixed-wing UAVs},
	author={Liang, Yueqian and Jia, Yingmin and Wang, Zhuo and Matsuno, Fumitoshi},
	booktitle={2015 American Control Conference (ACC)},
	pages={5980--5985},
	year={2015},
	organization={IEEE}
}

@inproceedings{yao2018robotic,
	title={Robotic path following in 3d using a guiding vector field},
	author={Yao, Weijia and Kapitanyuk, Yuri A and Cao, Ming},
	booktitle={2018 IEEE Conference on Decision and Control (CDC)},
	pages={4475--4480},
	year={2018},
	organization={IEEE}
}

@article{yao2019path,
	title={Path Following Control in 3D for Nonholonomic Robots Using a Vector Field},
	author={Yao, Weijia and Cao, Ming},
	journal={arXiv preprint arXiv:1911.02304},
	year={2019}
}

@inproceedings{zhou2014vector,
	title={Vector field following for quadrotors using differential flatness},
	author={Zhou, Dingjiang and Schwager, Mac},
	booktitle={2014 IEEE International Conference on Robotics and Automation (ICRA)},
	pages={6567--6572},
	year={2014},
	organization={IEEE}
}

@article{cho2015three,
	title={Three-dimensional nonlinear differential geometric path-following guidance law},
	author={Cho, Namhoon and Kim, Youdan and Park, Sanghyuk},
	journal={Journal of Guidance, Control, and Dynamics},
	volume={38},
	number={12},
	pages={2366--2385},
	year={2015},
	publisher={American Institute of Aeronautics and Astronautics}
}


@article{hota2017waypoint,
	title={Waypoint-based trajectory planning of fixed-wing MAVs in 3D space},
	author={Hota, Sikha and Ghose, Debasish},
	journal={Journal of Intelligent \& Robotic Systems},
	volume={86},
	number={1},
	pages={95--113},
	year={2017},
	publisher={Springer}
}

@article{singh2019three,
	title={Three-dimensional waypoint following for fixed-wing unmanned aerial vehicles in obstacle-filled environments},
	author={Singh, Nikhil Kumar and Hota, Sikha},
	journal={PROCEEDINGS OF THE INSTITUTION OF MECHANICAL ENGINEERS PART G-JOURNAL OF AEROSPACE ENGINEERING},
	year={2019},
	publisher={SAGE PUBLICATIONS LTD 1 OLIVERS YARD, 55 CITY ROAD, LONDON EC1Y 1SP, ENGLAND}
}

@article{jolly2009bezier,
	title={A Bezier curve based path planning in a multi-agent robot soccer system without violating the acceleration limits},
	author={Jolly, KG and Kumar, R Sreerama and Vijayakumar, R},
	journal={Robotics and Autonomous Systems},
	volume={57},
	number={1},
	pages={23--33},
	year={2009},
	publisher={Elsevier}
}

@article{fraichard2004reeds,
	title={From Reeds and Shepp's to continuous-curvature paths},
	author={Fraichard, Thierry and Scheuer, Alexis},
	journal={IEEE Transactions on Robotics},
	volume={20},
	number={6},
	pages={1025--1035},
	year={2004},
	publisher={IEEE}
}
%%%%%%%%%%%%%%%%%%%%%%%%%%%%%%%%%%%%%%%%%%%%%%%%%%%%%%%%%%%%%%%%%%%%%%%%%%%%%%%%%%%%%%%%%%%%%%
@incollection{khatib1986real,
	title={Real-time obstacle avoidance for manipulators and mobile robots},
	author={Khatib, Oussama},
	booktitle={Autonomous robot vehicles},
	pages={396--404},
	year={1986},
	publisher={Springer}
}

@inproceedings{richards2002aircraft,
	title={Aircraft trajectory planning with collision avoidance using mixed integer linear programming},
	author={Richards, Arthur and How, Jonathan P},
	booktitle={American Control Conference, 2002. Proceedings of the 2002},
	volume={3},
	pages={1936--1941},
	year={2002},
	organization={IEEE}
}

@article{hart1968formal,
	title={A formal basis for the heuristic determination of minimum cost paths},
	author={Hart, Peter E and Nilsson, Nils J and Raphael, Bertram},
	journal={IEEE transactions on Systems Science and Cybernetics},
	volume={4},
	number={2},
	pages={100--107},
	year={1968},
	publisher={IEEE}
}




@article{zhou2018agile,
	title={Agile coordination and assistive collision avoidance for quadrotor swarms using virtual structures},
	author={Zhou, Dingjiang and Wang, Zijian and Schwager, Mac},
	journal={IEEE Transactions on Robotics},
	volume={34},
	number={4},
	pages={916--923},
	year={2018},
	publisher={IEEE}
}

@article{kim2006local,
	title={Local path planning using a new artificial potential function composition and its analytical design guidelines},
	author={Kim, Dong Hun and Shin, Seiichi},
	journal={Advanced Robotics},
	volume={20},
	number={1},
	pages={115--135},
	year={2006},
	publisher={Taylor \& Francis}
}

@inproceedings{connolly1990path,
	title={Path planning using Laplace's equation},
	author={Connolly, Christopher I and Burns, J Brian and Weiss, R},
	booktitle={Proceedings., IEEE International Conference on Robotics and Automation},
	pages={2102--2106},
	year={1990},
	organization={IEEE}
}

@article{marchidan2020collision,
	title={Collision Avoidance for an Unmanned Aerial Vehicle in the Presence of Static and Moving Obstacles},
	author={Marchidan, Andrei and Bakolas, Efstathios},
	journal={Journal of Guidance, Control, and Dynamics},
	volume={43},
	number={1},
	pages={96--110},
	year={2020},
	publisher={American Institute of Aeronautics and Astronautics}
}

@inproceedings{zhu2019evaluation,
	title={Evaluation of Decay Functions for Vector Field Based Obstacle Avoidance},
	author={Zhu, Yonry and Moleski, Travis and Wilhelm, Jay},
	booktitle={AIAA Scitech 2019 Forum},
	pages={1058},
	year={2019}
}

@article{munasinghe2005obstacle,
	title={Obstacle avoidance using velocity dipole field method},
	author={Munasinghe, Sudath R and Oh, Changmok and Lee, Ju-Jang and Khatib, Oussama},
	journal={ICCAS},
	pages={1657--1661},
	year={2005}
}

@article{wilhelm2019vector,
	title={Vector Field UAV Guidance for Path Following and Obstacle Avoidance with Minimal Deviation},
	author={Wilhelm, Jay P and Clem, Garrett},
	journal={Journal of Guidance, Control, and Dynamics},
	volume={42},
	number={8},
	pages={1848--1856},
	year={2019},
	publisher={American Institute of Aeronautics and Astronautics}
}

@article{li1998robot,
	title={Robot path planning using fluid model},
	author={Li, ZX and Bui, TD},
	journal={Journal of Intelligent and Robotic Systems},
	volume={21},
	number={1},
	pages={29--50},
	year={1998},
	publisher={Springer}
}

@article{lau2015fluid,
	title={Fluid motion planner for nonholonomic 3-D mobile robots with kinematic constraints},
	author={Lau, Darwin and Eden, Jonathan and Oetomo, Denny},
	journal={IEEE Transactions on Robotics},
	volume={31},
	number={6},
	pages={1537--1547},
	year={2015},
	publisher={IEEE}
}

@inproceedings{waydo2003vehicle,
	title={Vehicle motion planning using stream functions},
	author={Waydo, Stephen and Murray, Richard M},
	booktitle={2003 IEEE International Conference on Robotics and Automation (Cat. No. 03CH37422)},
	volume={2},
	pages={2484--2491},
	year={2003},
	organization={IEEE}
}

@article{kim1992real,
	title={Real-time obstacle avoidance using harmonic potential functions},
	author={Kim, Jin-Oh and Khosla, Pradeep},
	year={1992},
	publisher={Carnegie Mellon University}
}

@article{yao2015uav,
	title={UAV feasible path planning based on disturbed fluid and trajectory propagation},
	author={Yao, Peng and Wang, Honglun and Su, Zikang},
	journal={Chinese Journal of Aeronautics},
	volume={28},
	number={4},
	pages={1163--1177},
	year={2015},
	publisher={Elsevier}
}

@article{yao2017dynamic,
	title={Dynamic Adaptive Ant Lion Optimizer applied to route planning for unmanned aerial vehicle},
	author={Yao, Peng and Wang, Honglun},
	journal={Soft Computing},
	volume={21},
	number={18},
	pages={5475--5488},
	year={2017},
	publisher={Springer}
}

@inproceedings{coleman2008o3,
	title={O3: An optimal and opportunistic path planner (with obstacle avoidance) using voronoi polygons},
	author={Coleman, David M and Wunderlich, Joseph T},
	booktitle={2008 10th IEEE International Workshop on Advanced Motion Control},
	pages={371--376},
	year={2008},
	organization={IEEE}
}

@inproceedings{chen2017path,
	title={Path planning under obstacle-avoidance constraints based on ant colony optimization algorithm},
	author={Chen, Jie and Ye, Fang and Jiang, Tao},
	booktitle={2017 IEEE 17th International Conference on Communication Technology (ICCT)},
	pages={1434--1438},
	year={2017},
	organization={IEEE}
}

@article{banerjee2013framework,
	title={A framework of voronoi diagram for planning multiple paths in free space},
	author={Banerjee, Bonny and Chandrasekaran, B},
	journal={Journal of Experimental \& Theoretical Artificial Intelligence},
	volume={25},
	number={4},
	pages={457--475},
	year={2013},
	publisher={Taylor \& Francis}
}

@article{szczerba2000robust,
	title={Robust algorithm for real-time route planning},
	author={Szczerba, Robert J and Galkowski, Peggy and Glicktein, Ira S and Ternullo, Noah},
	journal={IEEE Transactions on Aerospace and Electronic Systems},
	volume={36},
	number={3},
	pages={869--878},
	year={2000},
	publisher={IEEE}
}




%%%%%%%%%%%%%%%%%%%%%%%%%%%%%%%%%%%%%%%%%%%%%%%%%%%%%%%%%%%%%%%%%%%%%%%%%%%%%%%%%5
@article{oh2015survey,
	title={A survey of multi-agent formation control},
	author={Oh, Kwang-Kyo and Park, Myoung-Chul and Ahn, Hyo-Sung},
	journal={Automatica},
	volume={53},
	pages={424--440},
	year={2015},
	publisher={Elsevier}
}

@article{olfati2006flocking,
	title={Flocking for multi-agent dynamic systems: Algorithms and theory},
	author={Olfati-Saber, Reza},
	journal={IEEE Transactions on automatic control},
	volume={51},
	number={3},
	pages={401--420},
	year={2006},
	publisher={IEEE}
}

@article{olfati2007consensus,
	title={Consensus and cooperation in networked multi-agent systems},
	author={Olfati-Saber, Reza and Fax, J Alex and Murray, Richard M},
	journal={Proceedings of the IEEE},
	volume={95},
	number={1},
	pages={215--233},
	year={2007},
	publisher={IEEE}
}

@inproceedings{fathian2018distributed,
	title={Distributed formation control and navigation of fixed-wing UAVs at constant altitude},
	author={Fathian, Kaveh and Summers, Tyler H and Gans, Nicholas R},
	booktitle={2018 International Conference on Unmanned Aircraft Systems (ICUAS)},
	pages={300--307},
	year={2018},
	organization={IEEE}
}

@article{lin2015graph,
	title={A graph Laplacian approach to coordinate-free formation stabilization for directed networks},
	author={Lin, Zhiyun and Wang, Lili and Han, Zhimin and Fu, Minyue},
	journal={IEEE Transactions on Automatic Control},
	volume={61},
	number={5},
	pages={1269--1280},
	year={2015},
	publisher={IEEE}
}

@article{zhao2017general,
	title={A general approach to coordination control of mobile agents with motion constraints},
	author={Zhao, Shiyu and Dimarogonas, Dimos V and Sun, Zhiyong and Bauso, Dario},
	journal={IEEE Transactions on Automatic Control},
	volume={63},
	number={5},
	pages={1509--1516},
	year={2017},
	publisher={IEEE}
}

@article{sakurama2014distributed,
	title={Distributed controllers for multi-agent coordination via gradient-flow approach},
	author={Sakurama, Kazunori and Azuma, Shun-ichi and Sugie, Toshiharu},
	journal={IEEE Transactions on Automatic Control},
	volume={60},
	number={6},
	pages={1471--1485},
	year={2014},
	publisher={IEEE}
}

@inproceedings{fathian2017distributed,
	title={Distributed formation control under arbitrarily changing topology},
	author={Fathian, Kaveh and Rachinskii, Dmitrii I and Summers, Tyler H and Spong, Mark W and Gans, Nicholas R},
	booktitle={2017 American Control Conference (ACC)},
	pages={271--278},
	year={2017},
	organization={IEEE}
}

@article{yao2016cooperative,
	title={Cooperative path planning with applications to target tracking and obstacle avoidance for multi-UAVs},
	author={Yao, Peng and Wang, Honglun and Su, Zikang},
	journal={Aerospace science and technology},
	volume={54},
	pages={10--22},
	year={2016},
	publisher={Elsevier}
}

%%%%%%%%%%%%%%%%%%%%%%%%%%%%%%%%%%%%%%%%%%%%%%%%%%%%%%%%%


@article{casbeer2006cooperative,
	title={Cooperative forest fire surveillance using a team of small unmanned air vehicles},
	author={D. W. Casbeer  and  Derek B. Kingston  and  Randal W. Beard  and  Timothy W. McLain },
	journal={International Journal of Systems Science},
	Volume={37},
	number={6},
	pages={351--360},
	year={2006},
	publisher={Taylor \& Francis}
}

@article{oh2014decentralised,
	title={Decentralised standoff tracking of moving targets using adaptive sliding mode control for UAVs},
	author={Oh, Hyondong and Kim, Seungkeun and Tsourdos, Antonios and White, Brian A},
	journal={Journal of Intelligent \& Robotic Systems},
	volume={76},
	number={1},
	pages={169--183},
	year={2014},
	publisher={Springer}
}

@article{oh2013rendezvous,
	title={Rendezvous and standoff target tracking guidance using differential geometry},
	author={Oh, Hyondong and Kim, Seungkeun and Shin, Hyo-Sang and White, Brian A and Tsourdos, Antonios and Rabbath, Camille Alain},
	journal={Journal of Intelligent \& Robotic Systems},
	volume={69},
	number={1-4},
	pages={389--405},
	year={2013},
	publisher={Springer}
}



@inproceedings{lawrence2003lyapunov,
	title={Lyapunov vector fields for UAV flock coordination},
	author={Lawrence, Dale},
	booktitle={2nd AIAA" Unmanned Unlimited" Conf. and Workshop \& Exhibit},
	pages={6575},
	year={2003}
}

@inproceedings{chen2009tracking,
	title={Tracking with UAV using tangent-plus-Lyapunov vector field guidance},
	author={Chen, Hongda and Chang, KuoChu and Agate, Craig S},
	booktitle={2009 12th International Conference on Information Fusion},
	pages={363--372},
	year={2009},
	organization={IEEE}
}

@article{frew2008coordinated,
	title={Coordinated standoff tracking of moving targets using Lyapunov guidance vector fields},
	author={Frew, Eric W and Lawrence, Dale A and Morris, Steve},
	journal={Journal of guidance, control, and dynamics},
	volume={31},
	number={2},
	pages={290--306},
	year={2008}
}

@article{kim2013nonlinear,
	title={Nonlinear model predictive coordinated standoff tracking of a moving ground vehicle},
	author={Kim, Seungkeun and Oh, Hyondong and Tsourdos, Antonios},
	journal={Journal of Guidance, Control, and Dynamics},
	volume={36},
	number={2},
	pages={557--566},
	year={2013},
	publisher={American Institute of Aeronautics and Astronautics}
}



@article{pothen2017curvature,
	title={Curvature-constrained Lyapunov vector field for standoff target tracking},
	author={Pothen, Abin Alex and Ratnoo, Ashwini},
	journal={Journal of Guidance, Control, and Dynamics},
	volume={40},
	number={10},
	pages={2729--2736},
	year={2017},
	publisher={American Institute of Aeronautics and Astronautics}
}

@article{rysdyk2006unmanned,
	title={Unmanned aerial vehicle path following for target observation in wind},
	author={Rysdyk, Rolf},
	journal={Journal of guidance, control, and dynamics},
	volume={29},
	number={5},
	pages={1092--1100},
	year={2006}
}

@article{ma2010adaptive,
	title={Adaptive vision-based guidance law with guaranteed performance bounds},
	author={Ma, Lili and Cao, Chengyu and Hovakimyan, Naira and Dobrokhodov, Vladimir and Kaminer, Isaac},
	journal={Journal of guidance, control, and dynamics},
	volume={33},
	number={3},
	pages={834--852},
	year={2010}
}

@article{park2016circling,
	title={Circling over a target with relative side bearing},
	author={Park, Sanghyuk},
	journal={Journal of Guidance, Control, and Dynamics},
	pages={1454--1458},
	year={2016},
	publisher={The American Institute of Aeronautics and Astronautics}
}

@article{ranjanatime,
	title={Time-Optimal Convergence of Fixed-Wing UAVs to a Circular Path in Steady Uniform Wind},
	author={Ranjan, Alok and Hota, Sikha},
	journal={International Conference on Theoretical, Applied, Computational and Experimental Mechanics},
	year={2017},
	publisher={IIT Kharagpur}
}

@inproceedings{hota2009modified,
	title={A modified Dubins method for optimal path planning of a miniature air vehicle converging to a straight line path},
	author={Hota, Sikha and Ghose, Debasish},
	booktitle={2009 American Control Conference},
	pages={2397--2402},
	year={2009},
	organization={IEEE}
}


@inproceedings{quigley2005target,
	title={Target acquisition, localization, and surveillance using a fixed-wing mini-UAV and gimbaled camera},
	author={Quigley, Morgan and Goodrich, Michael A and Griffiths, Stephen and Eldredge, Andrew and Beard, Randal W},
	booktitle={Proceedings of the 2005 IEEE international conference on robotics and automation},
	pages={2600--2605},
	year={2005},
	organization={IEEE}
}

@article{wu2017target,
	title={Target tracking based on a nonsingular fast terminal sliding mode guidance law by fixed-wing UAV},
	author={Wu, Kun and Cai, Zhihao and Zhao, Jiang and Wang, Yingxun},
	journal={Applied Sciences},
	volume={7},
	number={4},
	pages={333},
	year={2017},
	publisher={Multidisciplinary Digital Publishing Institute}
}

@article{sun2019fast,
	title={Fast Lyapunov Vector Field Guidance for Standoff Target Tracking based on Offline Search},
	author={Sun, Shun and Wang, Haipeng and Liu, Jun and He, You},
	journal={IEEE Access},
	year={2019},
	publisher={IEEE}
}


@manual{Quanser:2018,
	title  = "High-performance Robot for Indoor Labs",
	url    = "https://www.quanser.com › 2017/04 › QBot-2-for-QUARC-Datasheet",
	year   = "2018"
}

@inproceedings{singh2019three,
	title={Three Dimensional UAV Path Following Using SDRE Guidance},
	author={Singh, Mandeep and Manoharan, Amith and Ratnoo, Ashwini and Sujit, PB},
	booktitle={2019 International Conference on Unmanned Aircraft Systems (ICUAS)},
	pages={482--490},
	year={2019},
	organization={IEEE}
}@article{casbeer2006cooperative,
  title={Cooperative forest fire surveillance using a team of small unmanned air vehicles},
  author={D. W. Casbeer  and  Derek B. Kingston  and  Randal W. Beard  and  Timothy W. McLain },
  journal={International Journal of Systems Science},
  Volume={37},
  number={6},
  pages={351--360},
  year={2006},
  publisher={Taylor \& Francis}
}



@article{oh2013rendezvous,
  title={Rendezvous and standoff target tracking guidance using differential geometry},
  author={Oh, Hyondong and Kim, Seungkeun and Shin, Hyo-Sang and White, Brian A and Tsourdos, Antonios and Rabbath, Camille Alain},
  journal={Journal of Intelligent \& Robotic Systems},
  volume={69},
  number={1-4},
  pages={389--405},
  year={2013},
  publisher={Springer}
}





@article{kim2013nonlinear,
  title={Nonlinear model predictive coordinated standoff tracking of a moving ground vehicle},
  author={Kim, Seungkeun and Oh, Hyondong and Tsourdos, Antonios},
  journal={Journal of Guidance, Control, and Dynamics},
  volume={36},
  number={2},
  pages={557--566},
  year={2013},
  publisher={American Institute of Aeronautics and Astronautics}
}


@article{rysdyk2006unmanned,
  title={Unmanned aerial vehicle path following for target observation in wind},
  author={Rysdyk, Rolf},
  journal={Journal of guidance, control, and dynamics},
  volume={29},
  number={5},
  pages={1092--1100},
  year={2006}
}

@article{hota2014optimal,
  title={Optimal trajectory planning for unmanned aerial vehicles in three-dimensional space},
  author={Hota, Sikha and Ghose, Debasish},
  journal={Journal of aircraft},
  volume={51},
  number={2},
  pages={681--688},
  year={2014},
  publisher={American Institute of Aeronautics and Astronautics}
}

@manual{Aviones:UAVFlightSimulator,
author={Aviones: UAV Flight Simulator},
	title  = "Software Package, MAGICC Lab, Brigham Young University",
	url    = " http://aviones.sourceforge.net",
	year   = "2007"
}
@article{hota2014time,
  title={Time-optimal convergence to a rectilinear path in the presence of wind},
  author={Hota, Sikha and Ghose, Debasish},
  journal={Journal of Intelligent \& Robotic Systems},
  volume={74},
  number={3},
  pages={791--815},
  year={2014},
  publisher={Springer}
}



