@article{Elmalich_2013,
	doi = {10.2514/1.j052247},
	year = 2013,
	month = {aug},
	publisher = {American Institute of Aeronautics and Astronautics ({AIAA})},
	volume = {51},
	number = {8},
	pages = {1993--2008},
	author = {Dvir Elmalich and Oded Rabinovitch},
	title = {Geometrically Nonlinear Behavior of Sandwich Plates},
	journal = {{AIAA} Journal}
}

@article{Moita_2016,
	doi = {10.1016/j.compstruct.2016.01.018},
	year = 2016,
	month = {nov},
	publisher = {Elsevier {BV}},
	volume = {156},
	pages = {135--144},
	author = {Jos{\'{e}} S. Moita and Aur{\'{e}}lio L. Ara{\'{u}}jo and Crist{\'{o}}v{\~{a}}o M. Mota Soares and Carlos A. Mota Soares and Jos{\'{e}} Herskovits},
	title = {Geometrically nonlinear analysis of sandwich structures},
	journal = {Composite Structures}
}

@article{Liang_2016,
	doi = {10.1016/j.compstruc.2016.01.001},
	year = 2016,
	month = {apr},
	publisher = {Elsevier {BV}},
	volume = {166},
	pages = {11--32},
	author = {Y. Liang and B.A. Izzuddin},
	title = {Large displacement analysis of sandwich plates and shells with symmetric/asymmetric lamination},
	journal = {Computers {\&} Structures}
}

@article{Katariya_2018,
	doi = {10.1007/s00366-018-0609-3},
	year = 2018,
	month = {apr},
	publisher = {Springer Science and Business Media {LLC}},
	volume = {35},
	number = {2},
	pages = {467--485},
	author = {Pankaj V. Katariya and Chetan K. Hirwani and Subrata K. Panda},
	title = {Geometrically nonlinear deflection and stress analysis of skew sandwich shell panel using higher-order theory},
	journal = {Engineering with Computers}
}

@article{Rama_2018,
	doi = {10.1016/j.compositesb.2018.06.007},
	year = 2018,
	month = {oct},
	publisher = {Elsevier {BV}},
	volume = {151},
	pages = {118--126},
	author = {Gil Rama and Dragan Marinkovic and Manfred Zehn},
	title = {High performance 3-node shell element for linear and geometrically nonlinear analysis of composite laminates},
	journal = {Composites Part B: Engineering}
}

@article{zhang2006geometrically,
  title={Geometrically nonlinear analysis of laminated composite plates by two new displacement-based quadrilateral plate elements},
  author={Zhang, YX and Kim, KS},
  journal={Composite Structures},
  volume={72},
  number={3},
  pages={301--310},
  year={2006},
  publisher={Elsevier}
}

@article{That_Hoang_2018,
	doi = {10.1177/1099636218797982},
	year = 2018,
	month = {aug},
	publisher = {{SAGE} Publications},
	pages = {109963621879798},
	author = {Lan T That-Hoang and Hieu Nguyen-Van and Thanh Chau-Dinh and Chau Huynh-Van},
	title = {Enhancement to four-node quadrilateral plate elements by using cell-based smoothed strains and higher-order shear deformation theory for nonlinear analysis of composite structures},
	journal = {Journal of Sandwich Structures {\&} Materials}
}

@article{Shukla_2000,
	doi = {10.1061/(asce)0733-9399(2000)126:8(831)},
	year = 2000,
	month = {aug},
	publisher = {American Society of Civil Engineers ({ASCE})},
	volume = {126},
	number = {8},
	pages = {831--838},
	author = {K. K. Shukla and Y. Nath},
	title = {Nonlinear Analysis of Moderately Thick Laminated Rectangular Plates},
	journal = {Journal of Engineering Mechanics}
}

@article{Kam_1993,
	doi = {10.1016/0263-8223(93)90198-y},
	year = 1993,
	month = {jan},
	publisher = {Elsevier {BV}},
	volume = {25},
	number = {1-4},
	pages = {503--510},
	author = {T.Y. Kam and S.C. Lin and K.M. Hsiao},
	title = {Reliability analysis of nonlinear laminated composite plate structures},
	journal = {Composite Structures}
}

@incollection{reddy1981large,
  title={Large-deflection and large-amplitude free vibrations of laminated composite-material plates},
  author={Reddy, JN and Chao, WC},
  booktitle={Computational Methods in Nonlinear Structural and Solid Mechanics},
  pages={341--347},
  year={1981},
  publisher={Elsevier}
}

@article{Putcha_1986,
	doi = {10.1016/0045-7949(86)90002-7},
	year = 1986,
	month = {jan},
	publisher = {Elsevier {BV}},
	volume = {22},
	number = {4},
	pages = {529--538},
	author = {N.S. Putcha and J.N. Reddy},
	title = {A refined mixed shear flexible finite element for the nonlinear analysis of laminated plates},
	journal = {Computers {\&} Structures}
}

@article{Singh_1994,
	doi = {10.1016/0045-7949(94)90131-7},
	year = 1994,
	month = {oct},
	publisher = {Elsevier {BV}},
	volume = {53},
	number = {1},
	pages = {69--81},
	author = {G. Singh and G.Venkateswara Rao and N.G.R. Iyengar},
	title = {Geometrically nonlinear flexural response characteristics of shear deformable unsymmetrically laminated plates},
	journal = {Computers {\&} Structures}
}

@article{Singh_1987,
	doi = {10.1016/0263-8223(87)90013-4},
	year = 1987,
	month = {jan},
	publisher = {Elsevier {BV}},
	volume = {8},
	number = {1},
	pages = {13--29},
	author = {Gajbir Singh and Y.V.K. Sadasiva Rao},
	title = {Large deflection behaviour of thick composite plates},
	journal = {Composite Structures}
}

@article{Thiel_1994,
	doi = {10.1016/0263-8223(94)90122-8},
	year = 1994,
	month = {jan},
	publisher = {Elsevier {BV}},
	volume = {28},
	number = {4},
	pages = {405--432},
	author = {George H. Thiel and Robert E. Miller},
	title = {A finite element for the nonlinear analysis of laminated circular plates},
	journal = {Composite Structures}
}


@article{Wu_2019,
	doi = {10.1016/j.ijnonlinmec.2019.05.004},
	year = 2019,
	month = {nov},
	publisher = {Elsevier {BV}},
	volume = {116},
	pages = {18--31},
	author = {B. Wu and A. Pagani and M. Filippi and W.Q. Chen and E. Carrera},
	title = {Large-deflection and post-buckling analyses of isotropic rectangular plates by Carrera Unified Formulation},
	journal = {International Journal of Non-Linear Mechanics}
}

@article{Shen_2000,
	doi = {10.1016/s0263-8223(00)00088-x},
	year = 2000,
	month = {oct},
	publisher = {Elsevier {BV}},
	volume = {50},
	number = {2},
	pages = {131--142},
	author = {Hui-Shen Shen},
	title = {Nonlinear bending of shear deformable laminated plates under transverse and in-plane loads and resting on elastic foundations},
	journal = {Composite Structures}
}

@article{Ren_2018,
	doi = {10.1016/j.tws.2018.05.021},
	year = 2018,
	month = {sep},
	publisher = {Elsevier {BV}},
	volume = {130},
	pages = {273--285},
	author = {Mingfa Ren and Jie Cong and Bo Wang and Lei Wang},
	title = {Extended multiscale finite element method for large deflection analysis of thin-walled composite structures with complicated microstructure characteristics},
	journal = {Thin-Walled Structures}
}

@article{Liew_2004,
	doi = {10.1016/j.cma.2004.03.013},
	year = 2004,
	month = {nov},
	publisher = {Elsevier {BV}},
	volume = {193},
	number = {45-47},
	pages = {4763--4779},
	author = {K.M. Liew and J. Wang and M.J. Tan and S. Rajendran},
	title = {Nonlinear analysis of laminated composite plates using the mesh-free kp-Ritz method based on {FSDT}},
	journal = {Computer Methods in Applied Mechanics and Engineering}
}

@article{Zhang_2005,
	doi = {10.1016/j.cma.2004.11.011},
	year = 2005,
	month = {nov},
	publisher = {Elsevier {BV}},
	volume = {194},
	number = {45-47},
	pages = {4607--4632},
	author = {Y.X. Zhang and K.S. Kim},
	title = {A simple displacement-based 3-node triangular element for linear and geometrically nonlinear analysis of laminated composite plates},
	journal = {Computer Methods in Applied Mechanics and Engineering}
}

@article{Dau_2006,
	doi = {10.1016/j.compstruc.2006.01.031},
	year = 2006,
	month = {jul},
	publisher = {Elsevier {BV}},
	volume = {84},
	number = {19-20},
	pages = {1264--1274},
	author = {F. Dau and O. Polit and M. Touratier},
	title = {C1 plate and shell finite elements for geometrically nonlinear analysis of multilayered structures},
	journal = {Computers {\&} Structures}
}

@article{Baltac_oglu_2010,
	doi = {10.1016/j.compstruct.2010.06.005},
	year = 2010,
	month = {dec},
	publisher = {Elsevier {BV}},
	volume = {93},
	number = {1},
	pages = {153--161},
	author = {Ali Kemal Baltac{\i}oglu and Bekir Akgöz and Ömer Civalek},
	title = {Nonlinear static response of laminated composite plates by discrete singular convolution method},
	journal = {Composite Structures}
}

@article{Chang_1991,
	doi = {10.1016/0263-8223(91)90003-h},
	year = 1991,
	month = {jan},
	publisher = {Elsevier {BV}},
	volume = {18},
	number = {4},
	pages = {327--364},
	author = {Jeng-Shian Chang and Yuh-Pao Huang},
	title = {Geometrically nonlinear static and transiently dynamic behavior of laminated composite plates based on a higher order displacement field},
	journal = {Composite Structures}
}

@article{Singh_2012,
	doi = {10.1016/j.compstruct.2012.01.001},
	year = 2012,
	month = {apr},
	publisher = {Elsevier {BV}},
	volume = {94},
	number = {5},
	pages = {1714--1720},
	author = {Jeeoot Singh and K.K. Shukla},
	title = {Nonlinear flexural analysis of laminated composite plates using {RBF} based meshless method},
	journal = {Composite Structures}
}

@article{Kapoor_2012,
	doi = {10.1016/j.compstruct.2012.04.028},
	year = 2012,
	month = {dec},
	publisher = {Elsevier {BV}},
	volume = {94},
	number = {12},
	pages = {3434--3447},
	author = {Hitesh Kapoor and R.K. Kapania},
	title = {Geometrically nonlinear {NURBS} isogeometric finite element analysis of laminated composite plates},
	journal = {Composite Structures}
}

@article{Nguyen_Van_2014,
	doi = {10.1016/j.compstruct.2014.02.024},
	year = 2014,
	month = {jun},
	publisher = {Elsevier {BV}},
	volume = {112},
	pages = {327--338},
	author = {H. Nguyen-Van and N. Nguyen-Hoai and T. Chau-Dinh and T. Nguyen-Thoi},
	title = {Geometrically nonlinear analysis of composite plates and shells via a quadrilateral element with good coarse-mesh accuracy},
	journal = {Composite Structures}
}

@article{Le_Manh_2017,
	doi = {10.1016/j.compstruct.2016.09.067},
	year = 2017,
	month = {jan},
	publisher = {Elsevier {BV}},
	volume = {159},
	pages = {818--826},
	author = {T. Le-Manh and Q. Huynh-Van and Thu D. Phan and Huan D. Phan and H. Nguyen-Xuan},
	title = {Isogeometric nonlinear bending and buckling analysis of variable-thickness composite plate structures},
	journal = {Composite Structures}
}

@article{Cheng_1999,
	doi = {10.1016/s0263-8231(99)00016-6},
	year = 1999,
	month = {sep},
	publisher = {Elsevier {BV}},
	volume = {35},
	number = {1},
	pages = {41--59},
	author = {Q.H. Cheng and T.S. Lok and Z. C. Xie},
	title = {Geometrically non-linear analysis including shear deformation of composite laminates},
	journal = {Thin-Walled Structures}
}

@article{Phung_Van_2015,
	doi = {10.1016/j.commatsci.2014.04.043},
	year = 2015,
	month = {jan},
	publisher = {Elsevier {BV}},
	volume = {96},
	pages = {549--558},
	author = {P. Phung-Van and T. Nguyen-Thoi and T. Bui-Xuan and Q. Lieu-Xuan},
	title = {A cell-based smoothed three-node Mindlin plate element ({CS}-{FEM}-{MIN}3) based on the C0-type higher-order shear deformation for geometrically nonlinear analysis of laminated composite plates},
	journal = {Computational Materials Science}
}

@article{Dash_2010,
	doi = {10.1016/j.cnsns.2009.11.017},
	year = 2010,
	month = {oct},
	publisher = {Elsevier {BV}},
	volume = {15},
	number = {10},
	pages = {3170--3181},
	author = {Padmanav Dash and B.N. Singh},
	title = {Geometrically nonlinear bending analysis of laminated composite plate},
	journal = {Communications in Nonlinear Science and Numerical Simulation}
}

@article{Urthaler_2008,
	doi = {10.1080/15376490802045671},
	year = 2008,
	month = {apr},
	publisher = {Informa {UK} Limited},
	volume = {15},
	number = {5},
	pages = {335--354},
	author = {Y. Urthaler and J. N. Reddy},
	title = {A Mixed Finite Element for the Nonlinear Bending Analysis of Laminated Composite Plates Based on {FSDT}},
	journal = {Mechanics of Advanced Materials and Structures}
}

@article{Hirwani_2018,
	doi = {10.1007/s00707-018-2173-8},
	year = 2018,
	month = {may},
	publisher = {Springer Science and Business Media {LLC}},
	volume = {229},
	number = {8},
	pages = {3453--3473},
	author = {Chetan K. Hirwani and Subrata K. Panda and B. K. Patle},
	title = {Theoretical and experimental validation of nonlinear deflection and stress responses of an internally debonded layer structure using different higher-order theories},
	journal = {Acta Mechanica}
}




@article{Lim_1990,
	doi = {10.1007/bf02954031},
	year = 1990,
	month = {sep},
	publisher = {Springer Science and Business Media {LLC}},
	volume = {4},
	number = {2},
	pages = {109--114},
	author = {Jang Keun Lim},
	title = {Mixed-type finite element formulation of higher order shear deformation theory for the linear and nonlinear analyses of a laminated composite plate},
	journal = {{KSME} Journal}
}

@article{Pica_1980,
	doi = {10.1016/0045-7949(80)90160-1},
	year = 1980,
	month = {mar},
	publisher = {Elsevier {BV}},
	volume = {11},
	number = {3},
	pages = {203--215},
	author = {A. Pica and R.D. Wood and E. Hinton},
	title = {Finite element analysis of geometrically nonlinear plate behaviour using a mindlin formulation},
	journal = {Computers {\&} Structures}
}

@article{Dash_2014,
	doi = {10.1080/15376494.2012.736056},
	year = 2014,
	month = {nov},
	publisher = {Informa {UK} Limited},
	volume = {22},
	number = {4},
	pages = {269--280},
	author = {Padmanav Dash and B. N. Singh},
	title = {Static Response of Geometrically Nonlinear Laminated Composite Plates Having Uncertain Material Properties},
	journal = {Mechanics of Advanced Materials and Structures}
}

@article{cetkovic2011geometrically,
  title={Geometrically nonlinear analysis of laminated composite plates using a layer wise displacement model},
  author={{\'C}etkovi{\'c}, Marina and Vuksanovi{\'c}, {\DJ}or{\dj}e},
  journal={journal of Serbian society for computational mechanics},
  volume={5},
  number={1},
  pages={50--68},
  year={2011},
  publisher={Univerzitet u Kragujevcu-Fakultet in{\v{z}}enjerskih nauka, Kragujevac}
}

@book{Reddy_2004,
	doi = {10.1201/b12409},
	year = 2004,
	month = {jun},
	publisher = {{CRC} Press},
	author = {J. N. Reddy},
	title = {Mechanics of Laminated Composite Plates and Shells}
}

@article{Serdoun_2016,
	doi = {10.1177/1099636215603033},
	year = 2016,
	month = {feb},
	publisher = {{SAGE} Publications},
	volume = {18},
	number = {4},
	pages = {501--528},
	author = {SMN Serdoun and SM Hamza Cherif},
	title = {Free vibration analysis of composite and sandwich plates by alternative hierarchical finite element method based on Reddy's C1 {HSDT}},
	journal = {Journal of Sandwich Structures {\&} Materials}
}

@book{Reddy_2014,
	doi = {10.1093/acprof:oso/9780199641758.001.0001},
	year = 2014,
	month = {oct},
	publisher = {Oxford University Press},
	author = {J. N. Reddy},
	title = {An Introduction to Nonlinear Finite Element Analysis, 2nd Edn}
}

@article{Sayyad_2015,
	doi = {10.1016/j.compstruct.2015.04.007},
	year = 2015,
	month = {oct},
	publisher = {Elsevier {BV}},
	volume = {129},
	pages = {177--201},
	author = {Atteshamuddin S. Sayyad and Yuwaraj M. Ghugal},
	title = {On the free vibration analysis of laminated composite and sandwich plates: A review of recent literature with some numerical results},
	journal = {Composite Structures}
}

@article{Abrate_2017,
	doi = {10.1016/j.compstruct.2017.07.090},
	year = 2017,
	month = {nov},
	publisher = {Elsevier {BV}},
	volume = {179},
	pages = {482--494},
	author = {Serge Abrate and Marco Di Sciuva},
	title = {Equivalent single layer theories for composite and sandwich structures: A review},
	journal = {Composite Structures}
}

@article{Ganapathi_2004,
	doi = {10.1016/s1359-8368(02)00075-6},
	year = 2004,
	month = {jan},
	publisher = {Elsevier {BV}},
	volume = {35},
	number = {4},
	pages = {345--355},
	author = {M. Ganapathi and B.P. Patel and D.P. Makhecha},
	title = {Nonlinear dynamic analysis of thick composite/sandwich laminates using an accurate higher-order theory},
	journal = {Composites Part B: Engineering}
}

@article{Madhukar_2013,
	doi = {10.1016/j.compstruct.2012.10.034},
	year = 2013,
	month = {mar},
	publisher = {Elsevier {BV}},
	volume = {97},
	pages = {84--90},
	author = {S. Madhukar and M.K. Singha},
	title = {Geometrically nonlinear finite element analysis of sandwich plates using normal deformation theory},
	journal = {Composite Structures}
}

@article{Zaghloul_1975,
	doi = {10.1115/1.3423532},
	year = 1975,
	month = {mar},
	publisher = {{ASME} International},
	volume = {42},
	number = {1},
	pages = {234--236},
	author = {S. A. Zaghloul and J. B. Kennedy},
	title = {Nonlinear Behavior of Symmetrically Laminated Plates},
	journal = {Journal of Applied Mechanics}
}

@article{Le_Manh_2015,
	doi = {10.1080/15376494.2014.981616},
	year = 2015,
	month = {nov},
	publisher = {Informa {UK} Limited},
	volume = {23},
	number = {3},
	pages = {328--336},
	author = {Tuan Le-Manh and Tuan Luu-Anh and Jaehong Lee},
	title = {Isogeometric analysis for flexural behavior of composite plates considering large deformation with small rotations},
	journal = {Mechanics of Advanced Materials and Structures}
}

@article{Tran_2015,
	doi = {10.1016/j.ijnonlinmec.2015.02.007},
	year = 2015,
	month = {jun},
	publisher = {Elsevier {BV}},
	volume = {72},
	pages = {42--52},
	author = {Loc V. Tran and Jaehong Lee and H. Nguyen-Van and H. Nguyen-Xuan and M. Abdel Wahab},
	title = {Geometrically nonlinear isogeometric analysis of laminated composite plates based on higher-order shear deformation theory},
	journal = {International Journal of Non-Linear Mechanics}
}

@report{levy1942square,
  title={Square plate with clamped edges under normal pressure producing large deflections},
  author={Levy, Samuel},
  year={1942}
}



@article{STRICKLIN_1969,
	doi = {10.2514/3.5068},
	year = 1969,
	month = {jan},
	publisher = {American Institute of Aeronautics and Astronautics ({AIAA})},
	volume = {7},
	number = {1},
	pages = {180--181},
	author = {JAMES A. STRICKLIN and WALTER E. HAISLER and PATRICK R. TISDALE and RICHARD GUNDERSON},
	title = {A rapidly converging triangular plate element.},
	journal = {{AIAA} Journal}
}


@article{Zhang_2003,
	doi = {10.1016/s0263-8231(02)00114-3},
	year = 2003,
	month = {may},
	publisher = {Elsevier {BV}},
	volume = {41},
	number = {5},
	pages = {403--418},
	author = {Y.X. Zhang and Y.K. Cheung},
	title = {Geometric nonlinear analysis of thin plates by a refined nonlinear non-conforming triangular plate element},
	journal = {Thin-Walled Structures}
}

@article{Kant_1992,
	doi = {10.1016/0045-7949(92)90436-4},
	year = 1992,
	month = {oct},
	publisher = {Elsevier {BV}},
	volume = {45},
	number = {3},
	pages = {511--520},
	author = {T. Kant and J.R. Kommineni},
	title = {C0 Finite element geometrically non-linear analysis of fibre reinforced composite and sandwich laminates based on a higher-order theory},
	journal = {Computers {\&} Structures}
}



@article{Zhang_2006,
	doi = {10.1016/j.compstruct.2005.01.001},
	year = 2006,
	month = {mar},
	publisher = {Elsevier {BV}},
	volume = {72},
	number = {3},
	pages = {301--310},
	author = {Y.X. Zhang and K.S. Kim},
	title = {Geometrically nonlinear analysis of laminated composite plates by two new displacement-based quadrilateral plate elements},
	journal = {Composite Structures}
}

@article{Gupta_2019,
	doi = {10.1016/j.compositesb.2019.107295},
	year = 2019,
	month = {nov},
	publisher = {Elsevier {BV}},
	volume = {176},
	pages = {107295},
	author = {Abha Gupta and Anup Ghosh},
	title = {Isogeometric static and dynamic analysis of laminated and sandwich composite plates using nonpolynomial shear deformation theory},
	journal = {Composites Part B: Engineering}
}

@article{Zenkour_2007,
	doi = {10.1177/1099636207065675},
	year = 2007,
	month = {may},
	publisher = {{SAGE} Publications},
	volume = {9},
	number = {3},
	pages = {213--238},
	author = {Ashraf M. Zenkour},
	title = {Three-dimensional Elasticity Solution for Uniformly Loaded Cross-ply Laminates and Sandwich Plates},
	journal = {Journal of Sandwich Structures {\&} Materials}
}

@article{Bathe_1985,
	doi = {10.1002/nme.1620210213},
	year = 1985,
	month = {feb},
	publisher = {Wiley},
	volume = {21},
	number = {2},
	pages = {367--383},
	author = {Klaus-Jürgen Bathe and Eduardo N. Dvorkin},
	title = {A four-node plate bending element based on Mindlin/Reissner plate theory and a mixed interpolation},
	journal = {International Journal for Numerical Methods in Engineering}
}

@article{Grover_2013,
	doi = {10.1016/j.compstruct.2012.08.012},
	year = 2013,
	month = {jan},
	publisher = {Elsevier {BV}},
	volume = {95},
	pages = {667--675},
	author = {Neeraj Grover and D.K. Maiti and B.N. Singh},
	title = {A new inverse hyperbolic shear deformation theory for static and buckling analysis of laminated composite and sandwich plates},
	journal = {Composite Structures}
}

@incollection{Akin_2005,
	doi = {10.1016/b978-075066722-7/50037-0},
	year = 2005,
	publisher = {Elsevier},
	pages = {146--177},
	author = {J.E. Akin},
	title = {Super-convergent patch recovery},
	booktitle = {Finite Element Analysis with Error Estimators}
}

@article{Nguyen_2016,
	doi = {10.1016/j.ijmecsci.2016.01.012},
	year = 2016,
	month = {may},
	publisher = {Elsevier {BV}},
	volume = {110},
	pages = {242--255},
	author = {Tuan N. Nguyen and Chien H. Thai and H. Nguyen-Xuan},
	title = {On the general framework of high order shear deformation theories for laminated composite plate structures: A novel unified approach},
	journal = {International Journal of Mechanical Sciences}
}

@article{Sayyad_2019,
	doi = {10.1016/j.compstruct.2019.03.054},
	year = 2019,
	month = {jul},
	publisher = {Elsevier {BV}},
	volume = {219},
	pages = {129--146},
	author = {Atteshamuddin S. Sayyad and Yuwaraj M. Ghugal},
	title = {Static and free vibration analysis of laminated composite and sandwich spherical shells using a generalized higher-order shell theory},
	journal = {Composite Structures}
}

@article{Zuo_2020,
	doi = {10.1016/j.compstruct.2020.112852},
	year = 2020,
	month = {aug},
	publisher = {Elsevier {BV}},
	pages = {112852},
	author = {Hao Zuo and Yixin Chen and Feng Jia},
	title = {A New C0 Layerwise Wavelet Finite Element Formulation for the Static and Free Vibration Analysis of Composite Plates},
	journal = {Composite Structures}
}

@article{Singh_2017,
	doi = {10.1061/(asce)as.1943-5525.0000768},
	year = 2017,
	month = {sep},
	publisher = {American Society of Civil Engineers ({ASCE})},
	volume = {30},
	number = {5},
	pages = {04017056},
	author = {Durgesh Bahadur Singh and B. N. Singh},
	title = {Assessment and Accuracy of New Nonpolynomial Shear Deformation Theories for Static Analysis of Laminated and Braided Composite Plates},
	journal = {Journal of Aerospace Engineering}
}

@article{Kumar_2019,
	doi = {10.1016/j.compstruct.2018.10.014},
	year = 2019,
	month = {jan},
	publisher = {Elsevier {BV}},
	volume = {208},
	pages = {91--100},
	author = {Rahul Kumar and Achchhe Lal and B.N. Singh and Jeeoot Singh},
	title = {New transverse shear deformation theory for bending analysis of {FGM} plate under patch load},
	journal = {Composite Structures}
}

@article{Kumar_2020,
	doi = {10.1016/j.compstruct.2019.111721},
	year = 2020,
	month = {feb},
	publisher = {Elsevier {BV}},
	volume = {233},
	pages = {111721},
	author = {Rahul Kumar and Achchhe Lal and B.N. Singh and Jeeoot Singh},
	title = {Non-linear analysis of porous elastically supported {FGM} plate under various loading},
	journal = {Composite Structures}
}

@article{Lal_2020,
	doi = {10.1088/1757-899x/814/1/012033},
	year = 2020,
	month = {jun},
	publisher = {{IOP} Publishing},
	volume = {814},
	pages = {012033},
	author = {Achchhe Lal and Nand Jee Kanu},
	title = {The nonlinear deflection response of {CNT}/nanoclay reinforced polymer hybrid composite plate under different loading conditions},
	journal = {{IOP} Conference Series: Materials Science and Engineering}
}

@article{Lal_2016,
	doi = {10.1142/s2047684116500202},
	year = 2016,
	month = {dec},
	publisher = {World Scientific Pub Co Pte Lt},
	volume = {05},
	number = {04},
	pages = {1650020},
	author = {Achchhe Lal and Nikhil M. Kulkarni and Vijayakumari H. Siddaramaiah},
	title = {Stochastic hygro-thermo-mechanically induced nonlinear static analysis of piezoelectric elastically support sandwich plate using secant function based shear deformation theory ({SFSDT})},
	journal = {International Journal of Computational Materials Science and Engineering}
}

@article{Thakur_2020,
	doi = {10.1016/j.ast.2020.106083},
	year = 2020,
	month = {nov},
	publisher = {Elsevier {BV}},
	volume = {106},
	pages = {106083},
	author = {Babu Ranjan Thakur and Surendra Verma and B.N. Singh and D.K. Maiti},
	title = {Dynamic analysis of folded laminated composite plate using nonpolynomial shear deformation theory},
	journal = {Aerospace Science and Technology}
}

@article{Shufrin_2010,
	doi = {10.1016/j.ijmecsci.2010.07.008},
	year = 2010,
	month = {dec},
	publisher = {Elsevier {BV}},
	volume = {52},
	number = {12},
	pages = {1588--1596},
	author = {Igor Shufrin and Oded Rabinovitch and Moshe Eisenberger},
	title = {A semi-analytical approach for the geometrically nonlinear analysis of trapezoidal plates},
	journal = {International Journal of Mechanical Sciences}
}

@article{Kumar_2020CL,
	doi = {10.1515/cls-2020-0008},
	year = 2020,
	month = {aug},
	publisher = {Walter de Gruyter {GmbH}},
	volume = {7},
	number = {1},
	pages = {80--100},
	author = {Rahul Kumar and Achchhe Lal and B. M. Sutaria},
	title = {Non-linear deflection and stress analysis of laminated composite sandwich plate with elliptical cutout under different transverse loadings in hygro-thermal environment},
	journal = {Curved and Layered Structures}
}

@article{Fukunaga_2001,
	doi = {10.1016/s0020-7683(01)00072-5},
	year = 2001,
	month = {nov},
	publisher = {Elsevier {BV}},
	volume = {38},
	number = {48-49},
	pages = {8735--8752},
	author = {H. Fukunaga and N. Hu and G.X. Ren},
	title = {{FEM} modeling of adaptive composite structures using a reduced higher-order plate theory via penalty functions},
	journal = {International Journal of Solids and Structures}
}

@article{Mantari_2013,
	doi = {10.1016/j.compstruct.2012.08.004},
	year = 2013,
	month = {feb},
	publisher = {Elsevier {BV}},
	volume = {96},
	pages = {545--553},
	author = {J.L. Mantari and C. Guedes Soares},
	title = {Finite element formulation of a generalized higher order shear deformation theory for advanced composite plates},
	journal = {Composite Structures}
}

@article{Adhikari_2018,
	doi = {10.1016/j.compstruct.2017.10.044},
	year = 2018,
	month = {apr},
	publisher = {Elsevier {BV}},
	volume = {189},
	pages = {386--397},
	author = {Balakrishna Adhikari and B.N. Singh},
	title = {An efficient higher order non-polynomial Quasi 3-D theory for dynamic responses of laminated composite plates},
	journal = {Composite Structures}
}

@article{Lim_1988,
	doi = {10.1016/0045-7949(88)90132-0},
	year = 1988,
	month = {jan},
	publisher = {Elsevier {BV}},
	volume = {30},
	number = {4},
	pages = {945--952},
	author = {S.P. Lim and K.H. Lee and S.T. Chow and N.R. Senthilnathan},
	title = {Linear and nonlinear bending of shear-deformable plates},
	journal = {Computers {\&} Structures}
}

@article{Alijani_2014,
	doi = {10.1016/j.ijnonlinmec.2014.10.003},
	year = 2014,
	month = {dec},
	publisher = {Elsevier {BV}},
	volume = {67},
	pages = {394--404},
	author = {Farbod Alijani and Marco Amabili},
	title = {Non-linear static bending and forced vibrations of rectangular plates retaining non-linearities in rotations and thickness deformation},
	journal = {International Journal of Non-Linear Mechanics}
}

@article{Pagani_2020,
	doi = {10.1016/j.ijnonlinmec.2020.103461},
	year = 2020,
	month = {may},
	publisher = {Elsevier {BV}},
	volume = {121},
	pages = {103461},
	author = {Alfonso Pagani and Ehsan Daneshkhah and Xiangyang Xu and Erasmo Carrera},
	title = {Evaluation of geometrically nonlinear terms in the large-deflection and post-buckling analysis of isotropic rectangular plates},
	journal = {International Journal of Non-Linear Mechanics}
}

@article{Mila_inovi__2011,
	doi = {10.1016/j.tws.2010.11.005},
	year = 2011,
	month = {feb},
	publisher = {Elsevier {BV}},
	volume = {49},
	number = {2},
	pages = {280--290},
	author = {Dragan D. Mila{\v{s}}inovi{\'{c}}},
	title = {Geometric non-linear analysis of thin plate structures using the harmonic coupled finite strip method},
	journal = {Thin-Walled Structures}
}

@article{Tran_2018,
	doi = {10.1016/j.tws.2018.06.013},
	year = 2018,
	month = {sep},
	publisher = {Elsevier {BV}},
	volume = {130},
	pages = {622--640},
	author = {Loc V. Tran and Seung-Eock Kim},
	title = {Static and free vibration analyses of multilayered plates by a higher-order shear and normal deformation theory and isogeometric analysis},
	journal = {Thin-Walled Structures}
}

@article{Sahoo_2016,
	doi = {10.1007/s00419-016-1195-8},
	year = 2016,
	month = {oct},
	publisher = {Springer Science and Business Media {LLC}},
	volume = {87},
	number = {2},
	pages = {315--333},
	author = {Sushree S. Sahoo and Subrata K. Panda and Vijay K. Singh and Trupti R. Mahapatra},
	title = {Numerical investigation on the nonlinear flexural behaviour of wrapped glass/epoxy laminated composite panel and experimental validation},
	journal = {Archive of Applied Mechanics}
}

@article{TALHA_2011,
	doi = {10.1142/s1793962311000451},
	year = 2011,
	month = {jun},
	publisher = {World Scientific Pub Co Pte Lt},
	volume = {02},
	number = {02},
	pages = {237--258},
	author = {MOHAMMAD TALHA and B. N. SINGH},
	title = {{NONLINEAR} {MECHANICAL} {BENDING} {OF} {FUNCTIONALLY} {GRADED} {MATERIAL} {PLATES} {UNDER} {TRANSVERSE} {LOADS} {WITH} {VARIOUS} {BOUNDARY} {CONDITIONS}},
	journal = {International Journal of Modeling, Simulation, and Scientific Computing}
}

@article{Rajagopal_1987,
	doi = {10.1016/0020-7462(87)90018-7},
	year = 1987,
	month = {jan},
	publisher = {Elsevier {BV}},
	volume = {22},
	number = {2},
	pages = {161--172},
	author = {S.V. Rajagopal and Gajbir Singh and Y.V.K.Sadasiva Rao and S. Narayanan},
	title = {Non-linear analysis of sandwich plates},
	journal = {International Journal of Non-Linear Mechanics}
}

@article{Zhang_2016,
	doi = {10.1016/j.ijnonlinmec.2016.08.004},
	year = 2016,
	month = {nov},
	publisher = {Elsevier {BV}},
	volume = {86},
	pages = {122--132},
	author = {L.W. Zhang and W.H. Liu and K.M. Liew},
	title = {Geometrically nonlinear large deformation analysis of triangular {CNT}-reinforced composite plates},
	journal = {International Journal of Non-Linear Mechanics}
}

@article{D__2019,
	doi = {10.1016/j.ijnonlinmec.2019.07.010},
	year = 2019,
	month = {nov},
	publisher = {Elsevier {BV}},
	volume = {116},
	pages = {302--317},
	author = {Aditya Narayan D. and Ben Zineb T. and O. Polit and Pradyumna B. and Ganapathi M.},
	title = {Large amplitude free flexural vibrations of functionally graded graphene platelets reinforced porous composite curved beams using finite element based on trigonometric shear deformation theory},
	journal = {International Journal of Non-Linear Mechanics}
}

@article{Ganapathi_2020,
	doi = {10.1016/j.ijnonlinmec.2020.103543},
	year = 2020,
	month = {oct},
	publisher = {Elsevier {BV}},
	volume = {125},
	pages = {103543},
	author = {M. Ganapathi and S. Aditya and S. Shubhendu and O. Polit and T. Ben Zineb},
	title = {Nonlinear supersonic flutter study of porous 2D curved panels including graphene platelets reinforcement effect using trigonometric shear deformable finite element},
	journal = {International Journal of Non-Linear Mechanics}
}

@article{Ansari_2020,
	doi = {10.1016/j.ijnonlinmec.2020.103556},
	year = 2020,
	month = {nov},
	publisher = {Elsevier {BV}},
	volume = {126},
	pages = {103556},
	author = {R. Ansari and R. Hassani and R. Gholami and H. Rouhi},
	title = {Nonlinear bending analysis of arbitrary-shaped porous nanocomposite plates using a novel numerical approach},
	journal = {International Journal of Non-Linear Mechanics}
}

@article{Nampally_2020,
	doi = {10.1016/j.ijnonlinmec.2020.103423},
	year = 2020,
	month = {may},
	publisher = {Elsevier {BV}},
	volume = {121},
	pages = {103423},
	author = {Praneeth Nampally and Anssi T. Karttunen and J.N. Reddy},
	title = {Nonlinear finite element analysis of lattice core sandwich plates},
	journal = {International Journal of Non-Linear Mechanics}
}

@article{Jafari_2019,
	doi = {10.1016/j.ijnonlinmec.2019.07.005},
	year = 2019,
	month = {nov},
	publisher = {Elsevier {BV}},
	volume = {116},
	pages = {219--229},
	author = {Nasrin Jafari and Mojtaba Azhari and Bijan Boroomand},
	title = {Geometrically nonlinear analysis of time-dependent composite plates using time function optimization},
	journal = {International Journal of Non-Linear Mechanics}
}

@article{Ghannadpour_2020,
	doi = {10.1016/j.ijnonlinmec.2019.103292},
	year = 2020,
	month = {may},
	publisher = {Elsevier {BV}},
	volume = {121},
	pages = {103292},
	author = {S.A.M. Ghannadpour and N. Abdollahzadeh},
	title = {Progressive failure analysis of thick imperfect composite plates using nonlinear plate theory},
	journal = {International Journal of Non-Linear Mechanics}
}

@article{Trinh_2019,
	doi = {10.1016/j.ast.2019.105356},
	year = 2019,
	month = {nov},
	publisher = {Elsevier {BV}},
	volume = {94},
	pages = {105356},
	author = {Minh-Chien Trinh and Seung-Eock Kim},
	title = {A three variable refined shear deformation theory for porous functionally graded doubly curved shell analysis},
	journal = {Aerospace Science and Technology}
}

@article{Bennaceur_2019,
	doi = {10.1016/j.ast.2019.02.038},
	year = 2019,
	month = {apr},
	publisher = {Elsevier {BV}},
	volume = {87},
	pages = {244--253},
	author = {Mohamed Amine Bennaceur and Yuanming Xu},
	title = {Application of the natural element method for the analysis of composite laminated plates},
	journal = {Aerospace Science and Technology}
}

@article{Tsushima_2019,
	doi = {10.1016/j.ast.2019.03.025},
	year = 2019,
	month = {may},
	publisher = {Elsevier {BV}},
	volume = {88},
	pages = {244--257},
	author = {Natsuki Tsushima and Tomohiro Yokozeki and Weihua Su and Hitoshi Arizono},
	title = {Geometrically nonlinear static aeroelastic analysis of composite morphing wing with corrugated structures},
	journal = {Aerospace Science and Technology}
}

@article{Javani_2019,
	doi = {10.1016/j.ast.2019.04.049},
	year = 2019,
	month = {jul},
	publisher = {Elsevier {BV}},
	volume = {90},
	pages = {264--274},
	author = {M. Javani and Y. Kiani and M.R. Eslami},
	title = {Geometrically nonlinear rapid surface heating of temperature-dependent {FGM} arches},
	journal = {Aerospace Science and Technology}
}

@article{Rezaiee_Pajand_2019,
	doi = {10.1016/j.ast.2019.02.017},
	year = 2019,
	month = {apr},
	publisher = {Elsevier {BV}},
	volume = {87},
	pages = {178--189},
	author = {M. Rezaiee-Pajand and E. Arabi and Amir R. Masoodi},
	title = {Nonlinear analysis of {FG}-sandwich plates and shells},
	journal = {Aerospace Science and Technology}
}

@article{Zafarmand_2019,
	doi = {10.1016/j.ast.2019.07.015},
	year = 2019,
	month = {sep},
	publisher = {Elsevier {BV}},
	volume = {92},
	pages = {930--944},
	author = {Hassan Zafarmand and Mehran Kadkhodayan},
	title = {Nonlinear material and geometric analysis of thick functionally graded plates with nonlinear strain hardening using nonlinear finite element method},
	journal = {Aerospace Science and Technology}
}

@article{Vuong_2018,
	doi = {10.1016/j.ast.2018.05.058},
	year = 2018,
	month = {aug},
	publisher = {Elsevier {BV}},
	volume = {79},
	pages = {383--398},
	author = {Pham Minh Vuong and Nguyen Dinh Duc},
	title = {Nonlinear response and buckling analysis of eccentrically stiffened {FGM} toroidal shell segments in thermal environment},
	journal = {Aerospace Science and Technology}
}

@article{Zhang_2015,
	doi = {10.1016/j.ast.2014.12.016},
	year = 2015,
	month = {feb},
	publisher = {Elsevier {BV}},
	volume = {41},
	pages = {90--98},
	author = {Da-Guang Zhang and Hao-Miao Zhou},
	title = {Nonlinear bending analysis of {FGM} circular plates based on physical neutral surface and higher-order shear deformation theory},
	journal = {Aerospace Science and Technology}
}

@article{Hari_Kishore_2011,
	doi = {10.1016/j.ast.2011.01.003},
	year = 2011,
	month = {apr},
	publisher = {Elsevier {BV}},
	volume = {15},
	number = {3},
	pages = {224--235},
	author = {M.D.V. Hari Kishore and B.N. Singh and M.K. Pandit},
	title = {Nonlinear static analysis of smart laminated composite plate},
	journal = {Aerospace Science and Technology}
}

@article{Thakur_2021,
	doi = {10.1016/j.ijnonlinmec.2020.103635},
	year = 2021,
	month = {jan},
	publisher = {Elsevier {BV}},
	volume = {128},
	pages = {103635},
	author = {Babu Ranjan Thakur and Surendra Verma and B.N. Singh and D.K. Maiti},
	title = {Geometrically nonlinear dynamic analysis of laminated composite plate using a nonpolynomial shear deformation theory},
	journal = {International Journal of Non-Linear Mechanics}
}

@article{Mantari_2014a,
	doi = {10.1016/j.compositesb.2013.07.027},
	year = 2014,
	month = {jan},
	publisher = {Elsevier {BV}},
	volume = {56},
	pages = {126--136},
	author = {J.L. Mantari and C. Guedes Soares},
	title = {Optimized sinusoidal higher order shear deformation theory for the analysis of functionally graded plates and shells},
	journal = {Composites Part B: Engineering}
}

@article{Mantari_2014b,
	doi = {10.1016/j.compositesb.2013.12.001},
	year = 2014,
	month = {apr},
	publisher = {Elsevier {BV}},
	volume = {60},
	pages = {319--328},
	author = {J.L. Mantari and E.M. Bonilla and C. Guedes Soares},
	title = {A new tangential-exponential higher order shear deformation theory for advanced composite plates},
	journal = {Composites Part B: Engineering}
}

@article{Yarasca_2017,
	doi = {10.1016/j.compstruct.2016.11.053},
	year = 2017,
	month = {feb},
	publisher = {Elsevier {BV}},
	volume = {161},
	pages = {362--383},
	author = {J. Yarasca and J.L. Mantari and M. Petrolo and E. Carrera},
	title = {Best Theory Diagrams for cross-ply composite plates using polynomial, trigonometric and exponential thickness expansions},
	journal = {Composite Structures}
}

@article{Mantari_2018,
	doi = {10.1080/15376494.2018.1478048},
	year = 2018,
	month = {jun},
	publisher = {Informa {UK} Limited},
	volume = {27},
	number = {5},
	pages = {426--440},
	author = {Jose Luis Mantari and Jorge Yarasca and Marco Petrolo and Erasmo Carrera},
	title = {On the effects of trigonometric and exponential terms on the best theory diagrams for metallic, multilayered, and functionally graded plates},
	journal = {Mechanics of Advanced Materials and Structures}
}

@article{Monge_2020,
	doi = {10.1016/j.engstruct.2019.109678},
	year = 2020,
	month = {jan},
	publisher = {Elsevier {BV}},
	volume = {203},
	pages = {109678},
	author = {J.C. Monge and J.L. Mantari},
	title = {Best non-polynomial shear deformation theories for cross-ply single skin and sandwich shells},
	journal = {Engineering Structures}
}

@article{Monge_2018,
	doi = {10.1016/j.engstruct.2018.06.020},
	year = 2018,
	month = {oct},
	publisher = {Elsevier {BV}},
	volume = {172},
	pages = {1011--1024},
	author = {J.C. Monge and J.L. Mantari and S. Charca and N. Vladimir},
	title = {An axiomatic/asymptotic evaluation of the best theories for free vibration of laminated and sandwich shells using non-polynomial functions},
	journal = {Engineering Structures}
}

@article{Zienkiewicz_1995,
	doi = {10.1016/0168-874x(94)00054-j},
	year = 1995,
	month = {feb},
	publisher = {Elsevier {BV}},
	volume = {19},
	number = {1-2},
	pages = {11--23},
	author = {O.C. Zienkiewicz and J.Z. Zhu},
	title = {Superconvergence and the superconvergent patch recovery},
	journal = {Finite Elements in Analysis and Design}
}

@article{Tornabene_2016,
	doi = {10.1080/15376494.2015.1121521},
	year = 2016,
	month = {mar},
	publisher = {Informa {UK} Limited},
	volume = {23},
	number = {9},
	pages = {1019--1045},
	author = {Francesco Tornabene and Nicholas Francesco and Erasmo Viola},
	title = {Inter-laminar stress recovery procedure for doubly-curved, singly-curved, revolution shells with variable radii of curvature and plates using generalized higher-order theories and the local {GDQ} method},
	journal = {Mechanics of Advanced Materials and Structures}
}

@article{Daniel_2020,
	doi = {10.1016/j.compstruct.2020.112675},
	year = 2020,
	month = {nov},
	publisher = {Elsevier {BV}},
	volume = {252},
	pages = {112675},
	author = {Pierre M. Daniel and Johannes Främby and Martin Fagerström and Pere Maim{\'{\i}}},
	title = {Complete transverse stress recovery model for linear shell elements in arbitrarily curved laminates},
	journal = {Composite Structures}
}

@article{Tornabene_2017,
	doi = {10.1016/j.compositesb.2017.06.012},
	year = 2017,
	month = {oct},
	publisher = {Elsevier {BV}},
	volume = {126},
	pages = {162--191},
	author = {Francesco Tornabene and Nicholas Fantuzzi and Michele Bacciocchi and J.N. Reddy},
	title = {A posteriori stress and strain recovery procedure for the static analysis of laminated shells resting on nonlinear elastic foundation},
	journal = {Composites Part B: Engineering}
}

@article{Auricchio1999,
	doi = {10.1002/(SICI)1097-0207(19990410)44:10<1481::AID-NME554>3.0.CO;2-Q},
	year = {1999},
	volume = {44},
	number = {10},
	pages = {1481-1504},
	author = {Auricchio, Ferdinando and Sacco, Elio},
	title = {A mixed-enhanced finite-element for the analysis of laminated composite plates},
	journal = {International Journal for Numerical Methods in Engineering},
}

