% Encoding: UTF-8

@article{grover2014efficient,
  title={An efficient C 0 finite element modeling of an inverse hyperbolic shear deformation theory for the flexural and stability analysis of laminated composite and sandwich plates},
  author={Grover, Neeraj and Maiti, DK and Singh, BN},
  journal={Finite Elements in Analysis and Design},
  volume={80},
  pages={11--22},
  year={2014},
  publisher={Elsevier}
}

@article{grover2014flexural,
  title={Flexural behavior of general laminated composite and sandwich plates using a secant function based shear deformation theory},
  author={Grover, Neeraj and Maiti, Dipak Kumar and Singh, Bhrigu Nath},
  journal={Latin American Journal of Solids and Structures},
  volume={11},
  number={7},
  pages={1275--1297},
  year={2014},
  publisher={SciELO Brasil}
}



@article{zienkiewicz1992superconvergent,
  title={The superconvergent patch recovery (SPR) and adaptive finite element refinement},
  author={Zienkiewicz, OC and Zhu, JZ},
  journal={Computer Methods in Applied Mechanics and Engineering},
  volume={101},
  number={1-3},
  pages={207--224},
  year={1992},
  publisher={Elsevier}
}

@article{zienkiewicz1993superconvergent,
  title={Superconvergent patch recovery techniques--some further tests},
  author={Zienkiewicz, OC and Zhu, JZ and Wu, J},
  journal={International Journal for Numerical Methods in Biomedical Engineering},
  volume={9},
  number={3},
  pages={251--258},
  year={1993},
  publisher={Wiley Online Library}
}

@book{reddy2004mechanics,
  title={Mechanics of laminated composite plates and shells: theory and analysis},
  author={Reddy, Junuthula Narasimha},
  year={2004},
  publisher={CRC press}
}

@article{pai1995new,
  title={A new look at shear correction factors and warping functions of anisotropic laminates},
  author={Pai, Perngjin F},
  journal={International Journal of Solids and Structures},
  volume={32},
  number={16},
  pages={2295--2313},
  year={1995},
  publisher={Elsevier}
}

@inproceedings{khandan2010optimum,
  title={Optimum design of fibre orientation angles in composite laminate plates for minimum thickness},
  author={Khandan, Rasoul and Noroozi, Siamak and Sewell, Philip and Vinney, John and Ramazani, Mohammad Reza}
}

@article{faimun2005analytical,
  title={Analytical response sensitivity of laminated com-posite plate using trigonometric type element},
  author={Faimun, F and Gosling, PD and Polit, O and Touratier, M},
  year={2005}
}

@article{pagano1970exact,
  title={Exact solutions for rectangular bidirectional composites and sandwich plates},
  author={Pagano, Nicholas J},
  journal={Journal of composite materials},
  volume={4},
  number={1},
  pages={20--34},
  year={1970},
  publisher={Sage Publications Sage CA: Thousand Oaks, CA}
}

@article{srinivas1970bending,
  title={Bending, vibration and buckling of simply supported thick orthotropic rectangular plates and laminates},
  author={Srinivas, S and Rao, AK},
  journal={International Journal of Solids and Structures},
  volume={6},
  number={11},
  pages={1463--1481},
  year={1970},
  publisher={Elsevier}
}

@article{noor1973free,
  title={Free vibrations of multilayered composite plates},
  author={Noor, Ahmed K},
  journal={AIAA journal},
  volume={11},
  number={7},
  pages={1038--1039},
  year={1973}
}

@article {kirchhoff1850uber,
  title = {about the balance and movement of an elastic disc},
  author = {Kirchhoff, Gustav R},
  year = {1850},
  publisher = {JOURNAL FOR PURE AND APPLIED MATHEMATICS}
}


@article{reissner1945effect,
  title={The effect of transverse shear deformation on the bending of elastic plates},
  author={Reissner, Eric},
  year={1945},
  publisher={JOURNAL OF APPLIED MECHANICS (AMERICAN SOCIETY OF MECHANICAL ENGINEERS: ASME)}
}


@article{lo1977high,
  title={A high-order theory of plate deformation-part 2: laminated plates},
  author={Lo, KH and Christensen, RM and Wu, EM},
  journal={Journal of applied mechanics},
  volume={44},
  number={4},
  pages={669--676},
  year={1977},
  publisher={American Society of Mechanical Engineers}
}
@article{levinson1980accurate,
  title={An accurate, simple theory of the statics and dynamics of elastic plates},
  author={Levinson, Mark},
  journal={Mechanics Research Communications},
  volume={7},
  number={6},
  pages={343--350},
  year={1980},
  publisher={Elsevier}
}

@article{reddy1984simple,
  title={A simple higher-order theory for laminated composite plates},
  author={Reddy, Junuthula N},
  journal={Journal of applied mechanics},
  volume={51},
  number={4},
  pages={745--752},
  year={1984},
  publisher={American Society of Mechanical Engineers}
}




@article{noor1989stress,
  title={Stress and free vibration analyses of multilayered composite plates},
  author={Noor, Ahmed K and Burton, W Scott},
  journal={Composite Structures},
  volume={11},
  number={3},
  pages={183--204},
  year={1989},
  publisher={Elsevier}
}

@article{auricchio2003refined,
  title={Refined first-order shear deformation theory models for composite laminates},
  author={Auricchio, Ferdinando and Sacco, Elio},
  journal={Journal of applied mechanics},
  volume={70},
  number={3},
  pages={381--390},
  year={2003},
  publisher={American Society of Mechanical Engineers}
}


@article{Kirchhoff1850,
author = {Kirchhoff, G.},
journal = {Journal f√ºr die reine und angewandte Mathematik},
language = {ger},
pages = {51-88},
title = {Uber das Gleichgewicht und die Bewegung einer elastischen Scheibe.},
url = {http://eudml.org/doc/147439 },
volume = {40},
year = {1850},
}
@article{love1888small,
  title={The small free vibrations and deformation of a thin elastic shell},
  author={Love, Augustus Edward Hough},
  journal={Philosophical Transactions of the Royal Society of London. A},
  volume={179},
  pages={491--546},
  year={1888},
  publisher={JSTOR}
}

@article{reissner1944theory,
  title={On the theory of bending of elastic plates},
  author={Reissner, Eric},
  journal={Studies in Applied Mathematics},
  volume={23},
  number={1-4},
  pages={184--191},
  year={1944},
  publisher={Wiley Online Library}
}
@article {hencky1947berucksichtigung,
  title = {{\ "U} About the consideration of shear distortion in flat plates},
  author = {Hencky, H},
  journal = {engineer archive},
  volume = {16},
  number = {1},
  pages = {72-76},
  year = {1947},
  publisher = {Springer} 
}
@article{mindlin1951influence,
  title={Influence of rotatory inertia and shear on flexural motions of isotropic, elastic plates},
  author={Mindlin, Raymond D},
  journal={J. appl. Mech.},
  volume={18},
  pages={31},
  year={1951}
}
@article{whitney1973shear,
  title={Shear correction factors for orthotropic laminates under static load},
  author={Whitney, JM},
  journal={Journal of Applied Mechanics},
  volume={40},
  number={1},
  pages={302--304},
  year={1973},
  publisher={American Society of Mechanical Engineers}
}

@article{reddy1985higher,
  title={A higher-order shear deformation theory of laminated elastic shells},
  author={Reddy, JN and Liu, CF},
  journal={International Journal of Engineering Science},
  volume={23},
  number={3},
  pages={319--330},
  year={1985},
  publisher={Elsevier}
}
@article{akhras1994finite,
  title={Finite strip analysis of anisotropic laminated composite plates using higher-order shear deformation theory},
  author={Akhras, George and Cheung, Mo Shing and Li, Wenchang},
  journal={Computers \& structures},
  volume={52},
  number={3},
  pages={471--477},
  year={1994},
  publisher={Elsevier}
}
@article{kant1989higher,
  title={A higher-order theory for free vibration of unsymmetrically laminated composite and sandwich plates-finite element evaluations},
  author={Kant, T and others},
  journal={Computers \& structures},
  volume={32},
  number={5},
  pages={1125--1132},
  year={1989},
  publisher={Elsevier}
}
@article{biswal1994finite,
  title={Finite element analysis for stiffened laminated plates using higher order shear deformation theory},
  author={Biswal, KC and Ghosh, AK},
  journal={Computers \& structures},
  volume={53},
  number={1},
  pages={161--171},
  year={1994},
  publisher={Elsevier}
}
@article{senthilnathan1987buckling,
  title={Buckling of shear-deformable plates},
  author={Senthilnathan, NR and Lim, SP and Lee, KH and Chow, ST},
  journal={AIAA journal},
  volume={25},
  number={9},
  pages={1268--1271},
  year={1987}
}
@article{putcha1986stability,
  title={Stability and natural vibration analysis of laminated plates by using a mixed element based on a refined plate theory},
  author={Putcha, NS and Reddy, JN},
  journal={Journal of Sound and Vibration},
  volume={104},
  number={2},
  pages={285--300},
  year={1986},
  publisher={Elsevier}
}
@article{peng1998active,
  title={Active vibration control of composite beams with piezoelectrics: a finite element model with third order theory},
  author={Peng, XQ and Lam, KY and Liu, GR},
  journal={Journal of Sound and Vibration},
  volume={209},
  number={4},
  pages={635--650},
  year={1998},
  publisher={Elsevier}
}
@article{kant1988finite,
  title={Finite element transient dynamic analysis of isotropic and fibre reinforced composite plates using a higher-order theory},
  author={Kant, T and Ravichandran, RV and Pandya, BN and Mallikarjuna, BN},
  journal={Composite Structures},
  volume={9},
  number={4},
  pages={319--342},
  year={1988},
  publisher={Elsevier}
}
@article{phan1985analysis,
  title={Analysis of laminated composite plates using a higher-order shear deformation theory},
  author={Phan, ND and Reddy, JN},
  journal={International Journal for Numerical Methods in Engineering},
  volume={21},
  number={12},
  pages={2201--2219},
  year={1985},
  publisher={Wiley Online Library}
}

@article{sabir1972applications,
  title={The applications of finite elements to large deflection geometrically nonlinear behaviour of cylindrical shells},
  author={Sabir, AB and Lock, AC},
  year={1972},
  publisher={Southampton University Press}
}
@article{librescu1991geometrically,
  title={A geometrically nonlinear theory of transversely isotropic laminated composite plates and its use in the post-buckling analysis},
  author={Librescu, L and Stein, M},
  journal={Thin-Walled Structures},
  volume={11},
  number={1-2},
  pages={177--201},
  year={1991},
  publisher={Elsevier}
}
@article{kim1999non,
  title={Non-linear finite element analysis of composite panels},
  author={Kim, K and Voyiadjis, GZ},
  journal={Composites Part B: Engineering},
  volume={30},
  number={4},
  pages={365--381},
  year={1999},
  publisher={Elsevier}
}
@article{zhao2008geometric,
  title={Geometric nonlinear analysis of plates and cylindrical shells via a linearly conforming radial point interpolation method},
  author={Zhao, X and Liu, GR and Dai, KY and Zhong, ZH and Li, GY and Han, X},
  journal={Computational Mechanics},
  volume={42},
  number={1},
  pages={133--144},
  year={2008},
  publisher={Springer}
}
@article{bisagni2009analytical,
  title={Analytical formulation for local buckling and post-buckling analysis of stiffened laminated panels},
  author={Bisagni, Chiara and Vescovini, Riccardo},
  journal={Thin-Walled Structures},
  volume={47},
  number={3},
  pages={318--334},
  year={2009},
  publisher={Elsevier}
}
@article{qatu2010recent,
  title={Recent research advances on the dynamic analysis of composite shells: 2000--2009},
  author={Qatu, Mohamad S and Sullivan, Rani Warsi and Wang, Wenchao},
  journal={Composite Structures},
  volume={93},
  number={1},
  pages={14--31},
  year={2010},
  publisher={Elsevier}
}
@article{carrera2003historical,
  title={Historical review of zig-zag theories for multilayered plates and shells},
  author={Carrera, Erasmo},
  journal={Applied mechanics reviews},
  volume={56},
  number={3},
  pages={287--308},
  year={2003},
  publisher={American Society of Mechanical Engineers}
}
@article{carrera2002theories,
  title={Theories and finite elements for multilayered, anisotropic, composite plates and shells},
  author={Carrera, Erasmo},
  journal={Archives of Computational Methods in Engineering},
  volume={9},
  number={2},
  pages={87--140},
  year={2002},
  publisher={Springer}
}
@article{sheng2003three,
  title={A three-dimensional state space finite element solution for laminated composite cylindrical shells},
  author={Sheng, HY and Ye, JQ},
  journal={Computer methods in applied mechanics and engineering},
  volume={192},
  number={22-24},
  pages={2441--2459},
  year={2003},
  publisher={Elsevier}
}
@article{wu2000three,
  title={Three-dimensional elasticity solutions of laminated annular spherical shells},
  author={Wu, Chih-Ping and Lo, Jyh-Yeuan},
  journal={Journal of engineering mechanics},
  volume={126},
  number={8},
  pages={882--885},
  year={2000},
  publisher={American Society of Civil Engineers}
}
@article{wang2003three,
  title={Three-dimensional solution of smart laminated anisotropic circular cylindrical shells with imperfect bonding},
  author={Wang, X and Zhong, Zhen},
  journal={International journal of solids and structures},
  volume={40},
  number={22},
  pages={5901--5921},
  year={2003},
  publisher={Elsevier}
}
@article{santos2006finite,
  title={A finite element model for the analysis of 3D axisymmetric laminated shells with piezoelectric sensors and actuators},
  author={Santos, Henrique and Soares, Cristovao M Mota and Soares, Carlos A Mota and Reddy, JN},
  journal={Composite structures},
  volume={75},
  number={1-4},
  pages={170--178},
  year={2006},
  publisher={Elsevier}
}
@article{santos2008finite,
  title={A finite element model for the analysis of 3D axisymmetric laminated shells with piezoelectric sensors and actuators: bending and free vibrations},
  author={Santos, Henrique and Soares, Crist{\'o}v{\~a}o M Mota and Soares, Carlos A Mota and Reddy, JN},
  journal={Computers \& Structures},
  volume={86},
  number={9},
  pages={940--947},
  year={2008},
  publisher={Elsevier}
}
@article{sprenger2000delamination,
  title={Delamination growth analysis in laminated structures with continuum-based 3D-shell elements and a viscoplastic softening model},
  author={Sprenger, W and Gruttmann, F and Wagner, W},
  journal={Computer Methods in Applied Mechanics and Engineering},
  volume={185},
  number={2-4},
  pages={123--139},
  year={2000},
  publisher={Elsevier}
}
@article{li2009postbuckling,
  title={Postbuckling analysis of 3D braided composite cylindrical shells under torsion in thermal environments},
  author={Li, Zhi-Min and Shen, Hui-Shen},
  journal={Composite Structures},
  volume={87},
  number={3},
  pages={242--256},
  year={2009},
  publisher={Elsevier}
}
@article{li2008postbuckling,
  title={Postbuckling of 3D braided composite cylindrical shells under combined external pressure and axial compression in thermal environments},
  author={Li, Zhi-Min and Shen, Hui-Shen},
  journal={International Journal of Mechanical Sciences},
  volume={50},
  number={4},
  pages={719--731},
  year={2008},
  publisher={Elsevier}
}
@article{alibeigloo2010static,
  title={Static analysis of functionally graded cylindrical shell with piezoelectric layers using differential quadrature method},
  author={Alibeigloo, A and Nouri, V},
  journal={Composite Structures},
  volume={92},
  number={8},
  pages={1775--1785},
  year={2010},
  publisher={Elsevier}
}
@article{fagiano2010interlaminar,
  title={Interlaminar stress recovery of multilayer composite shell structures for three-dimensional finite elements},
  author={Fagiano, C and Abdalla, MM and G{\"u}rdal, Z},
  journal={Finite Elements in Analysis and Design},
  volume={46},
  number={12},
  pages={1122--1130},
  year={2010},
  publisher={Elsevier}
}
@article{nosier2006three,
  title={Three dimensional analysis of laminated cylindrical panels with piezoelectric layers},
  author={Nosier, A and ROUHI, MOHAMMAD},
  year={2006},
  publisher={INTERNATIONAL JOURNAL OF ENGINEERING}
}
@article{ruhi2005thermoelastic,
  title={Thermoelastic analysis of thick-walled finite-length cylinders of functionally graded materials},
  author={Ruhi, M and Angoshtari, A and Naghdabadi, R},
  journal={Journal of Thermal Stresses},
  volume={28},
  number={4},
  pages={391--408},
  year={2005},
  publisher={Taylor \& Francis}
}
@book{qatu2004vibration,
  title={Vibration of laminated shells and plates},
  author={Qatu, Mohamad Subhi},
  year={2004},
  publisher={Elsevier}
}
@article{teng2001techniques,
  title={Techniques for buckling experiments on steel silo transition junctions},
  author={Teng, JG and Zhao, Y and Lam, L},
  journal={Thin-walled structures},
  volume={39},
  number={8},
  pages={685--707},
  year={2001},
  publisher={Elsevier}
}
@article{ross2005plastic,
  title={Plastic buckling of ring-stiffened conical shells under external hydrostatic pressure},
  author={Ross, Carl TF and Little, Andrew PF and Adeniyi, Kehinde A},
  journal={Ocean Engineering},
  volume={32},
  number={1},
  pages={21--36},
  year={2005},
  publisher={Elsevier}
}
@article{winterstetter2002stability,
  title={Stability of circular cylindrical steel shells under combined loading},
  author={Winterstetter, Th A and Schmidt, H},
  journal={Thin-Walled Structures},
  volume={40},
  number={10},
  pages={893--910},
  year={2002},
  publisher={Elsevier}
}
@article{popov2003parametric,
  title={Parametric resonance in cylindrical shells: a case study in the nonlinear vibration of structural shells},
  author={Popov, AA},
  journal={Engineering Structures},
  volume={25},
  number={6},
  pages={789--799},
  year={2003},
  publisher={Elsevier}
}
@article{golzan2008buckling,
  title={Buckling of thin-walled conical shells under uniform external pressure},
  author={Golzan, BS and Showkati, H},
  journal={Thin-Walled Structures},
  volume={46},
  number={5},
  pages={516--529},
  year={2008},
  publisher={Elsevier}
}
@article{dawe1974curved,
  title={Curved finite elements for the analysis of shallow and deep arches},
  author={Dawe, DJ},
  journal={Computers \& Structures},
  volume={4},
  number={3},
  pages={559--580},
  year={1974},
  publisher={Elsevier}
}
@article{whitney1971effect,
  title={Effect of environment on the elastic response of layered composite plates},
  author={Whitney, JM and Ashton, JE},
  journal={AIAA Journal},
  volume={9},
  number={9},
  pages={1708--1713},
  year={1971}
}
@article{khazaeinejad2016thermo,
  title={On thermo-mechanical nonlinear behaviour of shallow shells},
  author={Khazaeinejad, P and Usmani, AS},
  journal={International Journal of Non-Linear Mechanics},
  volume={82},
  pages={114--123},
  year={2016},
  publisher={Elsevier}
}
@article{sofiyev2017thermoelastic,
  title={Thermoelastic buckling of FGM conical shells under non-linear temperature rise in the framework of the shear deformation theory},
  author={Sofiyev, AH and Zerin, Z and Kuruoglu, N},
  journal={Composites Part B: Engineering},
  volume={108},
  pages={279--290},
  year={2017},
  publisher={Elsevier}
}
@article{blachut2010plastic,
  title={Plastic buckling of conical shells},
  author={B{\l}achut, J and Ifayefunmi, O},
  journal={Journal of Offshore Mechanics and Arctic Engineering},
  volume={132},
  number={4},
  pages={041401},
  year={2010},
  publisher={American Society of Mechanical Engineers}
}
@article{ramsey1977plastic,
  title={Plastic buckling of conical shells under axial compression},
  author={Ramsey, H},
  journal={International Journal of Mechanical Sciences},
  volume={19},
  number={5},
  pages={257--272},
  year={1977},
  publisher={Elsevier}
}
@article{aghajari2006buckling,
  title={Buckling and post-buckling behavior of thin-walled cylindrical steel shells with varying thickness subjected to uniform external pressure},
  author={Aghajari, S and Abedi, K and Showkati, H},
  journal={Thin-walled structures},
  volume={44},
  number={8},
  pages={904--909},
  year={2006},
  publisher={Elsevier}
}
@article{havran2017stability,
  title={Stability Analysis of a Shallow Shell},
  author={Havran, Jozef and Psotny, Martin},
  journal={Procedia engineering},
  volume={190},
  pages={148--153},
  year={2017},
  publisher={Elsevier}
}
@article{hamadi2014comparative,
  title={A Comparative Study between Displacement and Strain Based Formulated Finite Elements Applied to the Analysis of Thin Shell Structures},
  author={Hamadi, Djamal and Temami, Oussama and Zatar, Abdallah and Abderrahmani, Sifeddine},
  journal={World Academy of Science, Engineering and Technology, International Journal of Civil, Environmental, Structural, Construction and Architectural Engineering},
  volume={8},
  number={8},
  pages={875--880},
  year={2014},
  publisher={Citeseer}
}
@article{ribeiro2010non,
  title={Non-linear vibrations of deep cylindrical shells by the p-version finite element method},
  author={Ribeiro, Pedro and Cochelin, Bruno and Bellizzi, Sergio},
  journal={Shock and Vibration},
  volume={17},
  number={1},
  pages={21--37},
  year={2010},
  publisher={IOS Press}
}
@incollection{patel2015nonlinear,
  title={Nonlinear Finite Element Bending Analysis of Composite Shell Panels},
  author={Patel, SN},
  booktitle={Advances in Structural Engineering},
  pages={137--145},
  year={2015},
  publisher={Springer}
}
@article{bathe1980geometric,
  title={A geometric and material nonlinear plate and shell element},
  author={Bathe, Klaus-j{\"u}rgen and Bolourchi, Said},
  journal={Computers \& structures},
  volume={11},
  number={1-2},
  pages={23--48},
  year={1980},
  publisher={Elsevier}
}
@article{ahmad1970analysis,
  title={Analysis of thick and thin shell structures by curved finite elements},
  author={Ahmad, Sohrabuddin and Irons, Bruce M and Zienkiewicz, OC},
  journal={International Journal for Numerical Methods in Engineering},
  volume={2},
  number={3},
  pages={419--451},
  year={1970},
  publisher={Wiley Online Library}
}
@article{lee2000numerical,
  title={A numerical analysis of the buckling and postbuckling behavior of laminated composite shells with embedded shape memory alloy wire actuators},
  author={Lee, Hyo Jik and Lee, Jung Ju},
  journal={Smart Materials and Structures},
  volume={9},
  number={6},
  pages={780},
  year={2000},
  publisher={IOP Publishing}
}
@article{zhou2015nonlinear,
  title={Nonlinear elastic buckling and postbuckling analysis of cylindrical panels},
  author={Zhou, Yang and Stanciulescu, Ilinca and Eason, Thomas and Spottswood, Michael},
  journal={Finite Elements in Analysis and Design},
  volume={96},
  pages={41--50},
  year={2015},
  publisher={Elsevier}
}
@article{idelsohn1981use,
  title={On the use of deep, shallow or flat shell finite elements for the analysis of thin shell structures},
  author={Idelsohn, Sergio},
  journal={Computer Methods in Applied Mechanics and Engineering},
  volume={26},
  number={3},
  pages={321--330},
  year={1981},
  publisher={Elsevier}
}
@article{huang2002nonlinear,
  title={Nonlinear buckling of composite shells of revolution},
  author={Huang, Jinsong},
  journal={Journal of Aerospace Engineering},
  volume={15},
  number={2},
  pages={64--71},
  year={2002},
  publisher={American Society of Civil Engineers}
}
@article{le2017isogeometric,
  title={Isogeometric nonlinear bending and buckling analysis of variable-thickness composite plate structures},
  author={Le-Manh, T and Huynh-Van, Q and Phan, Thu D and Phan, Huan D and Nguyen-Xuan, H},
  journal={Composite Structures},
  volume={159},
  pages={818--826},
  year={2017},
  publisher={Elsevier}
}
@article{mars2017numerical,
  title={Numerical Analysis of Geometrically Non-Linear Behavior of Functionally Graded Shells},
  author={Mars, JAMEL and Koubaa, SANA and Wali, MONDHER and Dammak, FAKHREDDINE},
  journal={Latin American Journal of Solids and Structures},
  volume={14},
  number={11},
  pages={1952--1978},
  year={2017},
  publisher={SciELO Brasil}
}
@article{hughes1981nonlinear,
  title={Nonlinear finite element analysis of shells: Part I. Three-dimensional shells},
  author={Hughes, Thomas JR and Liu, Wing Kam},
  journal={Computer methods in applied mechanics and engineering},
  volume={26},
  number={3},
  pages={331--362},
  year={1981},
  publisher={Elsevier}
}
@article{hughes1981nonlinear2,
  title={Nonlinear finite element analysis of shells-part II. Two-dimensional shells},
  author={Hughes, Thomas JR and Liu, Wing Kam},
  journal={Computer Methods in Applied Mechanics and Engineering},
  volume={27},
  number={2},
  pages={167--181},
  year={1981},
  publisher={Elsevier}
}
@article{chen1991thermal,
  title={Thermal buckling behavior of thick composite laminated plates under nonuniform temperature distribution},
  author={Chen, WJ and Lin, PD and Chen, LW},
  journal={Computers \& structures},
  volume={41},
  number={4},
  pages={637--645},
  year={1991},
  publisher={Elsevier}
}
@article{prabhu1994thermal,
  title={Thermal buckling of laminated composite plates},
  author={Prabhu, MR and Dhanaraj, R},
  journal={Computers \& structures},
  volume={53},
  number={5},
  pages={1193--1204},
  year={1994},
  publisher={Elsevier}
}
@article{thangaratnam1989thermal,
  title={Thermal buckling of composite laminated plates},
  author={Thangaratnam, Kari R and Ramachandran, J and others},
  journal={Computers \& Structures},
  volume={32},
  number={5},
  pages={1117--1124},
  year={1989},
  publisher={Elsevier}
}
@article{sundaresan1998buckling,
  title={Buckling of moderately thick rectangular composite plates subjected to partial edge compression},
  author={Sundaresan, P and Singh, Gajbir and Rao, Venkateswara},
  journal={International Journal of Mechanical Sciences},
  volume={40},
  number={11},
  pages={1105--1117},
  year={1998},
  publisher={Elsevier}
}
@article{yu2016nurbs,
  title={NURBS-based isogeometric analysis of buckling and free vibration problems for laminated composites plates with complicated cutouts using a new simple FSDT theory and level set method},
  author={Yu, Tiantang and Yin, Shuohui and Bui, Tinh Quoc and Xia, Shifeng and Tanaka, Satoyuki and Hirose, Sohichi},
  journal={Thin-Walled Structures},
  volume={101},
  pages={141--156},
  year={2016},
  publisher={Elsevier}
}
@article{jadhav2013stability,
  title={Stability analysis of piezoelectric FGM plate subjected to electro-mechanical loading using finite element method},
  author={Jadhav, Priyanka and Bajoria, Kamal},
  journal={Int. J. Appl. Sci. Eng},
  volume={11},
  number={4},
  pages={375--391},
  year={2013}
}
@article{sahu2000dynamic,
  title={Dynamic instability of laminated composite rectangular plates subjected to non-uniform harmonic in-plane edge loading},
  author={Sahu, SK and Datta, PK},
  journal={Proceedings of the Institution of Mechanical Engineers, Part G: Journal of Aerospace Engineering},
  volume={214},
  number={5},
  pages={295--312},
  year={2000},
  publisher={SAGE Publications Sage UK: London, England}
}
@article{park2005thermal,
  title={Thermal post-buckling and flutter characteristics of composite plates embedded with shape memory alloy fibers},
  author={Park, Jae-Sang and Kim, Ji-Hwan and Moon, Seong-Hwan},
  journal={Composites Part B: Engineering},
  volume={36},
  number={8},
  pages={627--636},
  year={2005},
  publisher={Elsevier}
}
@article{ramkumar2013finite,
  title={Finite element based investigation of buckling and vibration behaviour of thin walled box beams},
  author={Ramkumar, Kandasamy and Kang, Hyunseok},
  year={2013},
  publisher={University of West Bohemia}
}
@article{rajanna2016effects,
  title={Effects of Partial Edge Loading and Fibre Configuration on Vibration and Buckling Characteristics of Stiffened Composite Plates},
  author={Rajanna, T and Banerjee, Sauvik and Desai, Yogesh M and Prabhakara, DL},
  journal={Latin American Journal of Solids and Structures},
  volume={13},
  number={5},
  pages={854--879},
  year={2016},
  publisher={SciELO Brasil}
}

@article{stein1986nonlinear,
  title={Nonlinear theory for plates and shells including the effects of transverse shearing},
  author={Stein, Manuel},
  journal={AIAA journal},
  volume={24},
  number={9},
  pages={1537--1544},
  year={1986}
}
@article{touratier1991efficient,
  title={An efficient standard plate theory},
  author={Touratier, M},
  journal={International journal of engineering science},
  volume={29},
  number={8},
  pages={901--916},
  year={1991},
  publisher={Elsevier}
}
@article{soldatos1992transverse,
  title={A transverse shear deformation theory for homogeneous monoclinic plates},
  author={Soldatos, KP},
  journal={Acta Mechanica},
  volume={94},
  number={3-4},
  pages={195--220},
  year={1992},
  publisher={Springer}
}
@article{karama2003mechanical,
  title={Mechanical behaviour of laminated composite beam by the new multi-layered laminated composite structures model with transverse shear stress continuity},
  author={Karama, M and Afaq, KS and Mistou, S},
  journal={International Journal of solids and structures},
  volume={40},
  number={6},
  pages={1525--1546},
  year={2003},
  publisher={Elsevier}
}
@article{mantari2012new,
  title={A new trigonometric shear deformation theory for isotropic, laminated composite and sandwich plates},
  author={Mantari, JL and Oktem, AS and Soares, C Guedes},
  journal={International Journal of Solids and Structures},
  volume={49},
  number={1},
  pages={43--53},
  year={2012},
  publisher={Elsevier}
}
@article{grover2013new,
  title={A new inverse hyperbolic shear deformation theory for static and buckling analysis of laminated composite and sandwich plates},
  author={Grover, Neeraj and Maiti, DK and Singh, BN},
  journal={Composite Structures},
  volume={95},
  pages={667--675},
  year={2013},
  publisher={Elsevier}
}
@article{sarangan2016higher,
  title={Higher-order closed-form solution for the analysis of laminated composite and sandwich plates based on new shear deformation theories},
  author={Sarangan, Suganyadevi and Singh, BN},
  journal={Composite Structures},
  volume={138},
  pages={391--403},
  year={2016},
  publisher={Elsevier}
}

@book{wang2000shear,
  title={Shear deformable beams and plates: Relationships with classical solutions},
  author={Wang, CM and Reddy, Junuthula Narasimha and Lee, KH},
  year={2000},
  publisher={Elsevier}
}
 @article{fish2007first,
  title={A first course in finite elements},
  author={Fish, Jacob and Belytschko, Ted},
  year={2007},
  publisher={John Wiley}
}
@book{bhaskar2014plates,
  title={Plates: theories and applications},
  author={Bhaskar, K and Varadan, TK},
  year={2014},
  publisher={John Wiley \& Sons}
}
@article{sayyad2015free,
  title={On the free vibration analysis of laminated composite and sandwich plates: A review of recent literature with some numerical results},
  author={Sayyad, Atteshamuddin S and Ghugal, Yuwaraj M},
  journal={Composite Structures},
  volume={129},
  pages={177--201},
  year={2015},
  publisher={Elsevier}
}

@article{shimpi2007new,
  title={New first-order shear deformation plate theories},
  author={Shimpi, RP and Patel, HG and Arya, H},
  journal={Journal of Applied Mechanics},
  volume={74},
  number={3},
  pages={523--533},
  year={2007},
  publisher={American Society of Mechanical Engineers}
}

@article{singh2017new,
  title={New higher order shear deformation theories for free vibration and buckling analysis of laminated and braided composite plates},
  author={Singh, Durgesh Bahadur and Singh, BN},
  journal={International Journal of Mechanical Sciences},
  volume={131},
  pages={265--277},
  year={2017},
  publisher={Elsevier}
}

@article{suganyadevi2015assessment,
  title={Assessment of composite and sandwich laminates using a new shear deformation theory},
  author={Suganyadevi, S and Singh, BN},
  journal={AIAA Journal},
  volume={54},
  number={2},
  pages={789--792},
  year={2015},
  publisher={American Institute of Aeronautics and Astronautics}
}

@article{sreehari2017structural,
  title={STRUCTURAL ANALYSIS USING SHEAR DEFORMATION THEORIES HAVING NONPOLYNOMIAL NATURE: A REVIEW},
  author={SREEHARI, VM and RAVI, KUMAR B and MAITI, DK},
  journal={INTERNATIONAL JOURNAL OF APPLIED ENGINEERING RESEARCH},
  volume={12},
  number={20},
  pages={10389--10396},
  year={2017}
}

@article{whitney1969effect,
  title={The effect of transverse shear deformation on the bending of laminated plates},
  author={Whitney, JM},
  journal={Journal of Composite Materials},
  volume={3},
  number={3},
  pages={534--547},
  year={1969},
  publisher={Sage Publications Sage CA: Thousand Oaks, CA}
}

@article{reissner1974tranverse,
  title={ON TRANVERSE BENDING OF PLATES, INCLUDING THE EFFECT OF TRANSVERSE SHEAR DEFORMATION},
  author={Reissner, E},
  year={1974}
}

@techreport{reissner1979note,
  title={Note on the effect of transverse shear deformation in laminated anisotropic plates},
  author={Reissner, E},
  year={1979},
  institution={CALIFORNIA UNIV SAN DIEGO LA JOLLA DEPT OF APPLIED MECHANICS AND ENGINEERING SCIENCES}
}

@article{grover2015flutter,
  title={Flutter characteristics of laminated composite plates subjected to yawed supersonic flow using inverse hyperbolic shear deformation theory},
  author={Grover, Neeraj and Maiti, DK and Singh, BN},
  journal={Journal of Aerospace Engineering},
  volume={29},
  number={2},
  pages={04015038},
  year={2015},
  publisher={American Society of Civil Engineers}
}

@article{gupta2016assessment,
  title={An assessment of a non-polynomial based higher order shear and normal deformation theory for vibration response of gradient plates with initial geometric imperfections},
  author={Gupta, Ankit and Talha, Mohammad},
  journal={Composites Part B: Engineering},
  volume={107},
  pages={141--161},
  year={2016},
  publisher={Elsevier}
}

@article{ma1986newton,
  title={The Newton-Raphson method used in the non-linear analysis of concrete structures},
  author={Ma, SYA and May, IM},
  journal={Computers \& structures},
  volume={24},
  number={2},
  pages={177--185},
  year={1986},
  publisher={Elsevier}
}

@book{mukhopadhyay2004matrix,
  title={Matrix and finite element analyses of structures},
  author={Mukhopadhyay, Madhujit},
  year={2004},
  publisher={Ane Books Pvt Ltd}
}

@book{bhatti2006advanced,
  title={Advanced topics in finite element analysis of structures: with Mathematica and MATLAB computations},
  author={Bhatti, M Asghar},
  year={2006},
  publisher={John Wiley \& Sons, Inc.}  
}
  
@book{ferreira2008matlab,
  title={MATLAB codes for finite element analysis: solids and structures},
  author={Ferreira, Ant{\'o}nio JM},
  volume={157},
  year={2008},
  publisher={Springer Science \& Business Media}
}


@article{esslinger1975post,
  title={Post-Buckling Behaviour of Structures. CISM Courses and Lectures, no. 236},
  author={Esslinger, M and Geier, B},
  journal={International Center for Mechanical Sciences, Springer-Verlag, Berlin},
  year={1975}
}

@article{pagano1972elastic,
  title={Elastic behavior of multilayered bidirectional composites},
  author={Pagano, NJ and Hatfield, Haron J},
  journal={AIAA journal},
  volume={10},
  number={7},
  pages={931--933},
  year={1972}
}

@article{noor1975stability,
  title={Stability of multilayered composite plates},
  author={Noor, Ahmed K},
  journal={Fibre Science and Technology},
  volume={8},
  number={2},
  pages={81--89},
  year={1975},
  publisher={Elsevier}
}

@article{thangaratnam1988thermal,
  title={Thermal stress analysis of laminated composite plates and shells},
  author={Thangaratnam, R Kari and Ramachandran, J and others},
  journal={Computers \& structures},
  volume={30},
  number={6},
  pages={1403--1411},
  year={1988},
  publisher={Elsevier}
}

@article{babu2000refined,
  title={Refined higher order finite element models for thermal buckling of laminated composite and sandwich plates},
  author={Babu, C Sarath and Kant, T},
  journal={Journal of thermal stresses},
  volume={23},
  number={2},
  pages={111--130},
  year={2000},
  publisher={Taylor \& Francis}
}

@article{shiau2004thermal,
  title={Thermal buckling of composite sandwich plates},
  author={Shiau, Le-Chung and Kuo, Shih-Yao},
  journal={Mechanics based design of structures and machines},
  volume={32},
  number={1},
  pages={57--72},
  year={2004},
  publisher={Taylor \& Francis}
}
@article{pantano20003d,
  title={A 3D zig-zag sublaminate model for analysis of thermal stresses in laminated composite and sandwich plates},
  author={Pantano, Antonio and Averill, Ronald C},
  journal={Journal of Sandwich Structures \& Materials},
  volume={2},
  number={3},
  pages={288--312},
  year={2000},
  publisher={TECHNOMIC PUBLISHING CO., INC. 851 New Holland Avenue, Box 3535, Lancaster, PA, 17604, USA}
}

@article{shinde2013thermal,
  title={Thermal analysis of isotropic plates using hyperbolic shear deformation theory},
  author={Shinde, BM and Sayyad, Atteshamuddin Shamshuddin and Kawade, AB},
  year={2013},
  publisher={University of West Bohemia}
}

@article{riks1979incremental,
  title={An incremental approach to the solution of snapping and buckling problems},
  author={Riks, E},
  journal={International Journal of Solids and Structures},
  volume={15},
  number={7},
  pages={529--551},
  year={1979},
  publisher={Elsevier}
}

@incollection{ramm1981strategies,
  title={Strategies for tracing the nonlinear response near limit points},
  author={Ramm, Ekkehard},
  booktitle={Nonlinear finite element analysis in structural mechanics},
  pages={63--89},
  year={1981},
  publisher={Springer}
}

@incollection{crisfield1981fast,
  title={A fast incremental/iterative solution procedure that handles "snap-through"},
  author={Crisfield, MiA},
  booktitle={Computational Methods in Nonlinear Structural and Solid Mechanics},
  pages={55--62},
  year={1981},
  publisher={Elsevier}
}

@article{elmalich2013geometrically,
  title={Geometrically nonlinear behavior of sandwich plates},
  author={Elmalich, Dvir and Rabinovitch, Oded},
  journal={AIAA journal},
  volume={51},
  number={8},
  pages={1993--2008},
  year={2013},
  publisher={American Institute of Aeronautics and Astronautics}
}

@article{marcinowski2003geometrically,
  title={Geometrically nonlinear static analysis of sandwich plates and shells},
  author={Marcinowski, Jakub},
  journal={Journal of Theoretical and Applied Mechanics},
  volume={41},
  number={3},
  pages={561--574},
  year={2003}
}

@article{kant1992c0,
  title={C0 finite element geometrically non-linear analysis of fibre reinforced composite and sandwich laminates based on a higher-order theory},
  author={Kant, T and Kommineni, JR},
  journal={Computers \& structures},
  volume={45},
  number={3},
  pages={511--520},
  year={1992},
  publisher={Pergamon}
}

@article{cetkovic2011geometrically,
  title={Geometrically nonlinear analysis of laminated composite plates using a layerwise displacement model},
  author={{\'C}etkovi{\'c}, M and Vuksanovi{\'c}, Dj},
  journal={Serbian Society for Computational Mechanics},
  volume={5},
  number={1},
  pages={50--68},
  year={2011}
}

@article{zhang2006geometrically,
  title={Geometrically nonlinear analysis of laminated composite plates by two new displacement-based quadrilateral plate elements},
  author={Zhang, YX and Kim, KS},
  journal={Composite Structures},
  volume={72},
  number={3},
  pages={301--310},
  year={2006},
  publisher={Elsevier}
}

@article{shukla2000nonlinear,
  title={Nonlinear analysis of moderately thick laminated rectangular plates},
  author={Shukla, KK and Nath, Y},
  journal={Journal of engineering mechanics},
  volume={126},
  number={8},
  pages={831--838},
  year={2000},
  publisher={American Society of Civil Engineers}
}

@article{madhukar2013geometrically,
  title={Geometrically nonlinear finite element analysis of sandwich plates using normal deformation theory},
  author={Madhukar, S and Singha, MK},
  journal={Composite Structures},
  volume={97},
  pages={84--90},
  year={2013},
  publisher={Elsevier}
}

@article{kundu2007nonlinear,
  title={Nonlinear finite element analysis of laminated composite doubly curved shells in hygrothermal environment},
  author={Kundu, CK and Maiti, DK and Sinha, PK},
  journal={Journal of Reinforced Plastics and Composites},
  volume={26},
  number={14},
  pages={1461--1478},
  year={2007},
  publisher={Sage Publications Sage UK: London, England}
}

@article{singh2012nonlinear,
  title={Nonlinear flexural analysis of laminated composite plates using RBF based meshless method},
  author={Singh, Jeeoot and Shukla, KK},
  journal={Composite Structures},
  volume={94},
  number={5},
  pages={1714--1720},
  year={2012},
  publisher={Elsevier}
}

@article{kapoor2012geometrically,
  title={Geometrically nonlinear NURBS isogeometric finite element analysis of laminated composite plates},
  author={Kapoor, Hitesh and Kapania, RK},
  journal={Composite Structures},
  volume={94},
  number={12},
  pages={3434--3447},
  year={2012},
  publisher={Elsevier}
}

@article{nguyen2014geometrically,
  title={Geometrically nonlinear analysis of composite plates and shells via a quadrilateral element with good coarse-mesh accuracy},
  author={Nguyen-Van, H and Nguyen-Hoai, N and Chau-Dinh, T and Nguyen-Thoi, T},
  journal={Composite structures},
  volume={112},
  pages={327--338},
  year={2014},
  publisher={Elsevier}
}

@article{fares1999non,
  title={Non-linear bending analysis of composite laminated plates using a refined first-order theory},
  author={Fares, ME},
  journal={Composite structures},
  volume={46},
  number={3},
  pages={257--266},
  year={1999},
  publisher={Elsevier}
}

@inproceedings{andakhshideh2009non,
  title={Non-linear bending analysis of laminated composite plates using generalized differential quadrature method},
  author={Andakhshideh, Atieh and Tahani, Masoud and Maleki, Sattar and others},
  booktitle={17th International Conference on Composite Materials-ICCM17},
  year={2009}
}

@article{tran2015geometrically,
  title={Geometrically nonlinear isogeometric analysis of laminated composite plates based on higher-order shear deformation theory},
  author={Tran, Loc V and Lee, Jaehong and Nguyen-Van, Hieu and Nguyen-Xuan, Hung and Wahab, M Abdel},
  journal={International Journal of Non-Linear Mechanics},
  volume={72},
  pages={42--52},
  year={2015},
  publisher={Elsevier}
}

@article{urthaler2008mixed,
  title={A mixed finite element for the nonlinear bending analysis of laminated composite plates based on FSDT},
  author={Urthaler, Y and Reddy, JN},
  journal={Mechanics of Advanced Materials and structures},
  volume={15},
  number={5},
  pages={335--354},
  year={2008},
  publisher={Taylor \& Francis}
}

@article{dash2010geometrically,
  title={Geometrically nonlinear bending analysis of laminated composite plate},
  author={Dash, Padmanav and Singh, BN},
  journal={Communications in Nonlinear Science and Numerical Simulation},
  volume={15},
  number={10},
  pages={3170--3181},
  year={2010},
  publisher={Elsevier}
}

@article{yang1966elastic,
  title={Elastic wave propagation in heterogeneous plates},
  author={Yang, P Constance and Norris, Charles H and Stavsky, Yehuda},
  journal={International Journal of solids and structures},
  volume={2},
  number={4},
  pages={665--684},
  year={1966},
  publisher={Elsevier}
}

@article{goldsmith1960impact,
  title={Impact: The Physical Theory and Behaviour of Colliding Solids},
  author={Goldsmith, Werner},
  journal={London: Edward Arnold Ltd},
  year={1960}
}

@Comment{jabref-meta: databaseType:bibtex;}
